

<record>
  <leader>     nz  a22     n  4500</leader>
  <controlfield tag="001">unn20201090997</controlfield>
  <controlfield tag="003">CZ PrNK</controlfield>
  <controlfield tag="005">20201101161703.0</controlfield>
  <controlfield tag="008">201101|n|aznnnaabn           n a|a      </controlfield>
  <datafield tag="040" ind1=" " ind2=" ">
    <subfield code="a">ABA001</subfield>
    <subfield code="b">cze</subfield>
    <subfield code="e">rda</subfield>
  </datafield>
  <datafield tag="046" ind1=" " ind2=" ">
    <subfield code="k">2019</subfield>
  </datafield>
  <datafield tag="130" ind1=" " ind2="0">
    <subfield code="a">Downton Abbey (film)</subfield>
    <subfield code="7">unn20201090997</subfield>
  </datafield>
  <datafield tag="370" ind1=" " ind2=" ">
    <subfield code="g">Velká Británie</subfield>
  </datafield>
  <datafield tag="380" ind1=" " ind2=" ">
    <subfield code="a">hrané filmy</subfield>
    <subfield code="a">filmová dramata</subfield>
    <subfield code="a">romantické filmy</subfield>
  </datafield>
  <datafield tag="430" ind1=" " ind2="0">
    <subfield code="w">r</subfield>
    <subfield code="i">Česká varianta názvu:</subfield>
    <subfield code="a">Panství Downton (film)</subfield>
    <subfield code="0">o</subfield>
  </datafield>
  <datafield tag="430" ind1=" " ind2="0">
    <subfield code="w">r</subfield>
    <subfield code="i">Preferovaný název LC:</subfield>
    <subfield code="a">Downton Abbey (Motion picture)</subfield>
    <subfield code="0">o</subfield>
  </datafield>
  <datafield tag="530" ind1=" " ind2="0">
    <subfield code="w">r</subfield>
    <subfield code="i">Předloha:</subfield>
    <subfield code="a">Downton Abbey (televizní seriál)</subfield>
    <subfield code="7">unn2012702112</subfield>
  </datafield>
  <datafield tag="670" ind1=" " ind2=" ">
    <subfield code="a">www(Česko-Slovenská filmová databáze), cit.1. 11. 2020</subfield>
  </datafield>
  <datafield tag="670" ind1=" " ind2=" ">
    <subfield code="a">www(Wikipedie, otevřená encyklopedie), cit. 1. 11. 2020</subfield>
  </datafield>
  <datafield tag="678" ind1=" " ind2=" ">
    <subfield code="a">Britský historický romantický film o životě příslušníků britské aristokracie a jejich zaměstnanců na smyšleném panství Downton za vlády krále Jiřího V (v letech 1912-1925) natočený podle stejnojmenného televizního seriálu.</subfield>
  </datafield>
  <datafield tag="856" ind1="4" ind2="2">
    <subfield code="u">https://www.csfd.cz/film/637624-panstvi-downton/prehled/4N</subfield>
    <subfield code="4">N</subfield>
  </datafield>
  <datafield tag="856" ind1="4" ind2="2">
    <subfield code="u">https://cs.wikipedia.org/wiki/Panstv%C3%AD_Downton_(film)</subfield>
    <subfield code="4">N</subfield>
  </datafield>
  <datafield tag="906" ind1=" " ind2=" ">
    <subfield code="a">br20201101</subfield>
    <subfield code="b">maba</subfield>
  </datafield>
</record>