

<record>
  <leader>     nz  a22     n  4500</leader>
  <controlfield tag="001">unn20201090998</controlfield>
  <controlfield tag="003">CZ PrNK</controlfield>
  <controlfield tag="005">20201101163600.0</controlfield>
  <controlfield tag="008">201101|n|aznnnaabn           n a|a      </controlfield>
  <datafield tag="040" ind1=" " ind2=" ">
    <subfield code="a">ABA001</subfield>
    <subfield code="b">cze</subfield>
    <subfield code="e">rda</subfield>
  </datafield>
  <datafield tag="046" ind1=" " ind2=" ">
    <subfield code="k">2019</subfield>
  </datafield>
  <datafield tag="130" ind1=" " ind2="0">
    <subfield code="a">Angel has fallen (film)</subfield>
    <subfield code="7">unn20201090998</subfield>
  </datafield>
  <datafield tag="370" ind1=" " ind2=" ">
    <subfield code="g">Spojené státy americké</subfield>
  </datafield>
  <datafield tag="380" ind1=" " ind2=" ">
    <subfield code="a">hrané filmy</subfield>
    <subfield code="a">akční filmy</subfield>
    <subfield code="a">thrillery (filmy)</subfield>
  </datafield>
  <datafield tag="430" ind1=" " ind2="0">
    <subfield code="i">Česká varianta názvu:</subfield>
    <subfield code="a">Pád anděla (film)</subfield>
    <subfield code="0">o</subfield>
  </datafield>
  <datafield tag="500" ind1="1" ind2=" ">
    <subfield code="w">r</subfield>
    <subfield code="i">Režie:</subfield>
    <subfield code="a">Waugh, Ric Roman,</subfield>
    <subfield code="d">1968-</subfield>
    <subfield code="7">xx0085810</subfield>
    <subfield code="4">drt</subfield>
  </datafield>
  <datafield tag="670" ind1=" " ind2=" ">
    <subfield code="a">www(Česko-Slovenská filmová databáze), cit. 1. 11. 2020</subfield>
  </datafield>
  <datafield tag="678" ind1=" " ind2=" ">
    <subfield code="a">Americký akční film, thriller byl natočen v roce 2019.</subfield>
  </datafield>
  <datafield tag="856" ind1="4" ind2="2">
    <subfield code="u">https://www.csfd.cz/film/477553-pad-andela/prehled/</subfield>
    <subfield code="4">N</subfield>
  </datafield>
  <datafield tag="906" ind1=" " ind2=" ">
    <subfield code="a">br20201101</subfield>
    <subfield code="b">maba</subfield>
  </datafield>
</record>