

<record>
  <leader>     cz  a22     n  4500</leader>
  <controlfield tag="001">mub20201091002</controlfield>
  <controlfield tag="003">CZ PrNK</controlfield>
  <controlfield tag="005">20201105094417.0</controlfield>
  <controlfield tag="008">201101|n|aznnnaabn           n a|a      </controlfield>
  <datafield tag="040" ind1=" " ind2=" ">
    <subfield code="a">BOD010</subfield>
    <subfield code="b">cze</subfield>
    <subfield code="d">ABA001</subfield>
    <subfield code="e">rda</subfield>
  </datafield>
  <datafield tag="100" ind1="1" ind2=" ">
    <subfield code="a">Paschalīs, Michaīl</subfield>
    <subfield code="7">mub20201091002</subfield>
  </datafield>
  <datafield tag="MOR" ind1="0" ind2=" ">
    <subfield code="a">Paschalis, Michael</subfield>
    <subfield code="7">mub20201091002</subfield>
  </datafield>
  <datafield tag="370" ind1=" " ind2=" ">
    <subfield code="c">Řecko</subfield>
    <subfield code="c">Itálie</subfield>
    <subfield code="c">Spojené státy americké</subfield>
  </datafield>
  <datafield tag="372" ind1=" " ind2=" ">
    <subfield code="a">klasická filologie</subfield>
    <subfield code="a">řecká literatura</subfield>
    <subfield code="a">antické literatury</subfield>
    <subfield code="a">latina</subfield>
    <subfield code="a">překlady z řečtiny</subfield>
    <subfield code="a">překlady z italštiny</subfield>
  </datafield>
  <datafield tag="374" ind1=" " ind2=" ">
    <subfield code="a">klasičtí filologové</subfield>
    <subfield code="a">filologové</subfield>
    <subfield code="a">vysokoškolští učitelé</subfield>
    <subfield code="a">překladatelé</subfield>
  </datafield>
  <datafield tag="375" ind1=" " ind2=" ">
    <subfield code="a">muž</subfield>
  </datafield>
  <datafield tag="377" ind1=" " ind2=" ">
    <subfield code="a">gre</subfield>
    <subfield code="a">eng</subfield>
    <subfield code="a">grc</subfield>
    <subfield code="a">ita</subfield>
  </datafield>
  <datafield tag="400" ind1="1" ind2=" ">
    <subfield code="a">Paschalis, Michael</subfield>
    <subfield code="0">o</subfield>
  </datafield>
  <datafield tag="400" ind1="1" ind2=" ">
    <subfield code="a">Paschalēs, Michaēl</subfield>
    <subfield code="0">o</subfield>
  </datafield>
  <datafield tag="670" ind1=" " ind2=" ">
    <subfield code="a">National library of Greece, cit. 5. 11. 2020</subfield>
    <subfield code="b">autoritní forma</subfield>
  </datafield>
  <datafield tag="670" ind1=" " ind2=" ">
    <subfield code="a">Roman and Greek imperial epic (edited by Michael Paschalis), 2005</subfield>
  </datafield>
  <datafield tag="670" ind1=" " ind2=" ">
    <subfield code="a">LC (Names), cit. 1. 11. 2020</subfield>
  </datafield>
  <datafield tag="670" ind1=" " ind2=" ">
    <subfield code="a">DNB, cit. 1. 11. 2020</subfield>
    <subfield code="b">odkaz viz</subfield>
  </datafield>
  <datafield tag="670" ind1=" " ind2=" ">
    <subfield code="a">www(Wikipedia, die freie Enzyklopädie), cit. 1. 11 .2020</subfield>
    <subfield code="b">biografické údaje</subfield>
    <subfield code="u">https://de.wikipedia.org/wiki/Michael_Paschalis</subfield>
  </datafield>
  <datafield tag="670" ind1=" " ind2=" ">
    <subfield code="a">www(University of Crete), cit. 1. 11. 2020</subfield>
    <subfield code="b">profesní údaje</subfield>
  </datafield>
  <datafield tag="678" ind1="0" ind2=" ">
    <subfield code="a">Řecký klasický filolog, vysokoškolský pedagog klasické filologie na Krétské univerzitě, autor prací z oblasti helénistické, augustanské a raně císařské antické poezie, novořečtiny. Překladatel z řečtiny a italštiny.</subfield>
  </datafield>
  <datafield tag="906" ind1=" " ind2=" ">
    <subfield code="a">za20201101</subfield>
    <subfield code="b">smutnax</subfield>
  </datafield>
  <datafield tag="906" ind1=" " ind2=" ">
    <subfield code="a">ko20201102</subfield>
    <subfield code="b">pospel</subfield>
    <subfield code="c">Viz - zrušeno, 374 - doplnění</subfield>
  </datafield>
  <datafield tag="906" ind1=" " ind2=" ">
    <subfield code="a">oz20201105</subfield>
    <subfield code="b">maku</subfield>
    <subfield code="c">Záhlaví - změna na viz, zdroj - další výskyt</subfield>
  </datafield>
</record>