

<record>
  <leader>     cz  a22     n  4500</leader>
  <controlfield tag="001">xx0253411</controlfield>
  <controlfield tag="003">CZ PrNK</controlfield>
  <controlfield tag="005">20201102233054.0</controlfield>
  <controlfield tag="008">201030|n|aznnnaabn           n a|a      </controlfield>
  <datafield tag="040" ind1=" " ind2=" ">
    <subfield code="a">ABE304</subfield>
    <subfield code="b">cze</subfield>
    <subfield code="d">ABA001</subfield>
    <subfield code="e">rda</subfield>
  </datafield>
  <datafield tag="046" ind1=" " ind2=" ">
    <subfield code="f">1981</subfield>
  </datafield>
  <datafield tag="100" ind1="1" ind2=" ">
    <subfield code="a">Režný, Jakub,</subfield>
    <subfield code="d">1981-</subfield>
    <subfield code="7">xx0253411</subfield>
  </datafield>
  <datafield tag="372" ind1=" " ind2=" ">
    <subfield code="a">divadlo</subfield>
    <subfield code="a">drama</subfield>
    <subfield code="a">televizní scenáristika</subfield>
    <subfield code="a">televize</subfield>
  </datafield>
  <datafield tag="374" ind1=" " ind2=" ">
    <subfield code="a">dramatici</subfield>
    <subfield code="a">dramaturgové</subfield>
    <subfield code="a">scenáristé</subfield>
  </datafield>
  <datafield tag="375" ind1=" " ind2=" ">
    <subfield code="a">muž</subfield>
  </datafield>
  <datafield tag="377" ind1=" " ind2=" ">
    <subfield code="a">cze</subfield>
  </datafield>
  <datafield tag="670" ind1=" " ind2=" ">
    <subfield code="a">Režný, Jakub: Úzkost. In: Salon původní literární tvorby, 2002, s. 143-147</subfield>
    <subfield code="b">datum narození</subfield>
  </datafield>
  <datafield tag="670" ind1=" " ind2=" ">
    <subfield code="a">www(i-divadlo.cz), 30. 10. 2020</subfield>
    <subfield code="b">biografické údaje</subfield>
  </datafield>
  <datafield tag="670" ind1=" " ind2=" ">
    <subfield code="a">www(Vlasák Zdeněk: Když promluví mrtví. Scenárista Jakub Režný o tragédii na Dole Dukla), 25. 5. 2018, cit. 30. 10. 2020</subfield>
    <subfield code="b">biografické údaje</subfield>
  </datafield>
  <datafield tag="678" ind1="0" ind2=" ">
    <subfield code="a">Narozen 31. 8. 1981. Dramatik, dramaturg a scenárista.</subfield>
  </datafield>
  <datafield tag="906" ind1=" " ind2=" ">
    <subfield code="a">za20201030</subfield>
    <subfield code="b">xalso</subfield>
  </datafield>
  <datafield tag="906" ind1=" " ind2=" ">
    <subfield code="a">op20201102</subfield>
    <subfield code="b">beba</subfield>
    <subfield code="c">670a formální oprava</subfield>
  </datafield>
</record>