

<record>
  <leader>     cz  a22     n  4500</leader>
  <controlfield tag="001">xx0253414</controlfield>
  <controlfield tag="003">CZ PrNK</controlfield>
  <controlfield tag="005">20201102144122.0</controlfield>
  <controlfield tag="008">201031|n|aznnnaabn           n a|a      </controlfield>
  <datafield tag="024" ind1="7" ind2=" ">
    <subfield code="a">0000000115857945</subfield>
    <subfield code="2">isni</subfield>
  </datafield>
  <datafield tag="040" ind1=" " ind2=" ">
    <subfield code="a">ABE304</subfield>
    <subfield code="b">cze</subfield>
    <subfield code="d">ABA001</subfield>
    <subfield code="e">rda</subfield>
  </datafield>
  <datafield tag="046" ind1=" " ind2=" ">
    <subfield code="f">1676</subfield>
    <subfield code="g">1753</subfield>
  </datafield>
  <datafield tag="100" ind1="1" ind2=" ">
    <subfield code="a">Riccoboni, Luigi Ludovico,</subfield>
    <subfield code="d">1676-1753</subfield>
    <subfield code="7">xx0253414</subfield>
  </datafield>
  <datafield tag="370" ind1=" " ind2=" ">
    <subfield code="a">Modena, Itálie</subfield>
    <subfield code="b">Paříž, Francie</subfield>
    <subfield code="c">Itálie</subfield>
    <subfield code="c">Francie</subfield>
  </datafield>
  <datafield tag="372" ind1=" " ind2=" ">
    <subfield code="a">divadlo</subfield>
    <subfield code="a">herectví</subfield>
    <subfield code="a">divadelní režie</subfield>
    <subfield code="a">divadelní management</subfield>
    <subfield code="a">dějiny divadla</subfield>
  </datafield>
  <datafield tag="374" ind1=" " ind2=" ">
    <subfield code="a">herci</subfield>
    <subfield code="a">divadelní režiséři</subfield>
    <subfield code="a">divadelní ředitelé</subfield>
    <subfield code="a">historici umění</subfield>
  </datafield>
  <datafield tag="375" ind1=" " ind2=" ">
    <subfield code="a">muž</subfield>
  </datafield>
  <datafield tag="377" ind1=" " ind2=" ">
    <subfield code="a">ita</subfield>
    <subfield code="a">fre</subfield>
  </datafield>
  <datafield tag="400" ind1="1" ind2=" ">
    <subfield code="a">Riccoboni, Luigi,</subfield>
    <subfield code="d">1676-1753</subfield>
    <subfield code="0">o</subfield>
  </datafield>
  <datafield tag="400" ind1="1" ind2=" ">
    <subfield code="w">r</subfield>
    <subfield code="i">Skutečné jméno:</subfield>
    <subfield code="a">Riccoboni, Luigi Andrea,</subfield>
    <subfield code="d">1676-1753</subfield>
    <subfield code="0">o</subfield>
  </datafield>
  <datafield tag="400" ind1="0" ind2=" ">
    <subfield code="a">Lelio,</subfield>
    <subfield code="d">1676-1753</subfield>
    <subfield code="0">o</subfield>
  </datafield>
  <datafield tag="400" ind1="1" ind2=" ">
    <subfield code="a">Riccoboni, Louis,</subfield>
    <subfield code="d">1676-1753</subfield>
    <subfield code="0">o</subfield>
  </datafield>
  <datafield tag="400" ind1="1" ind2=" ">
    <subfield code="a">Riccoboni, Ludwig,</subfield>
    <subfield code="d">1676-1753</subfield>
    <subfield code="0">o</subfield>
  </datafield>
  <datafield tag="667" ind1=" " ind2=" ">
    <subfield code="a">Některé zdroje uvádějí přibližné datum narození 1674 nebo 1677.</subfield>
  </datafield>
  <datafield tag="670" ind1=" " ind2=" ">
    <subfield code="a">Hecker, Kristine: Ein Europäer des 18. Jahrhunderts: Luigi Riccoboni und sein Theaterkonzept. In: Miscellanea theatralia, 2005, s.141-162</subfield>
  </datafield>
  <datafield tag="670" ind1=" " ind2=" ">
    <subfield code="a">ICCU, cit. 31. 10. 2020</subfield>
    <subfield code="b">autoritní forma</subfield>
  </datafield>
  <datafield tag="670" ind1=" " ind2=" ">
    <subfield code="a">BNF, cit. 31. 10. 2020</subfield>
    <subfield code="b">odkazy viz, data, biografické údaje</subfield>
  </datafield>
  <datafield tag="670" ind1=" " ind2=" ">
    <subfield code="a">www(Wikipedia, l'enciclopedia libera), cit. 31. 10. 2020</subfield>
    <subfield code="b">biografické údaje</subfield>
    <subfield code="u">https://it.wikipedia.org/wiki/Luigi_Riccoboni</subfield>
  </datafield>
  <datafield tag="670" ind1=" " ind2=" ">
    <subfield code="a">www(Wikipedia, the free encyclopedia), cit. 31. 10. 2020</subfield>
    <subfield code="b">odkaz viz</subfield>
    <subfield code="u">https://en.wikipedia.org/wiki/Luigi_Riccoboni</subfield>
  </datafield>
  <datafield tag="678" ind1="0" ind2=" ">
    <subfield code="a">Italský herec a reformátor italského divadla, režisér, divadelní ředitel a divadelní historik dlouhodobě působící ve Francii.</subfield>
  </datafield>
  <datafield tag="906" ind1=" " ind2=" ">
    <subfield code="a">za20201031</subfield>
    <subfield code="b">xalso</subfield>
  </datafield>
  <datafield tag="906" ind1=" " ind2=" ">
    <subfield code="a">op20201102</subfield>
    <subfield code="b">beba</subfield>
    <subfield code="c">370ab nově; 670b formální oprava</subfield>
  </datafield>
</record>