

<record>
  <leader>     nz  a22     n  4500</leader>
  <controlfield tag="001">xx0253426</controlfield>
  <controlfield tag="003">CZ PrNK</controlfield>
  <controlfield tag="005">20201103054629.0</controlfield>
  <controlfield tag="008">201102|n|aznnnaabn           n a|a      </controlfield>
  <datafield tag="040" ind1=" " ind2=" ">
    <subfield code="a">ABA008</subfield>
    <subfield code="b">cze</subfield>
    <subfield code="d">ABA001</subfield>
    <subfield code="e">rda</subfield>
  </datafield>
  <datafield tag="100" ind1="1" ind2=" ">
    <subfield code="a">Swierkosz, Martina</subfield>
    <subfield code="7">xx0253426</subfield>
  </datafield>
  <datafield tag="368" ind1=" " ind2=" ">
    <subfield code="d">PharmDr.</subfield>
    <subfield code="s">2016</subfield>
  </datafield>
  <datafield tag="370" ind1=" " ind2=" ">
    <subfield code="c">Česko</subfield>
  </datafield>
  <datafield tag="372" ind1=" " ind2=" ">
    <subfield code="a">farmacie</subfield>
    <subfield code="a">farmaceutická technologie</subfield>
  </datafield>
  <datafield tag="374" ind1=" " ind2=" ">
    <subfield code="a">farmaceutky</subfield>
  </datafield>
  <datafield tag="375" ind1=" " ind2=" ">
    <subfield code="a">žena</subfield>
  </datafield>
  <datafield tag="377" ind1=" " ind2=" ">
    <subfield code="a">cze</subfield>
  </datafield>
  <datafield tag="670" ind1=" " ind2=" ">
    <subfield code="a">Swierkosz, Martina: Podávání léčiv sondou. Praktické lékárenství, 2020, roč. 16, č. 3, s. 147-149.</subfield>
    <subfield code="b">autoritní forma, titul PharmDr., pracoviště</subfield>
  </datafield>
  <datafield tag="670" ind1=" " ind2=" ">
    <subfield code="a">www(Informační systém Univerzity Karlovy), cit. 2. 11. 2000</subfield>
    <subfield code="b">rok získání PharmDr., specializace</subfield>
  </datafield>
  <datafield tag="678" ind1="0" ind2=" ">
    <subfield code="a">PharmDr., farmaceutka, farmaceutická technoložka (Oddělení klinické farmacie, Nemocniční lékárna, Fakultní nemocnice, Ostrava).</subfield>
  </datafield>
  <datafield tag="906" ind1=" " ind2=" ">
    <subfield code="a">za20201102</subfield>
    <subfield code="b">xdapi</subfield>
  </datafield>
  <datafield tag="906" ind1=" " ind2=" ">
    <subfield code="a">fr20201103</subfield>
    <subfield code="b">lisi</subfield>
  </datafield>
</record>