

<record>
  <leader>     nz  a22     n  4500</leader>
  <controlfield tag="001">kon20201091065</controlfield>
  <controlfield tag="003">CZ PrNK</controlfield>
  <controlfield tag="005">20201102090055.0</controlfield>
  <controlfield tag="008">201102|n|aznnnaabn           n a|a      </controlfield>
  <datafield tag="040" ind1=" " ind2=" ">
    <subfield code="a">ABA001</subfield>
    <subfield code="b">cze</subfield>
    <subfield code="e">rda</subfield>
  </datafield>
  <datafield tag="110" ind1="2" ind2=" ">
    <subfield code="a">Ústřední svaz československého studentstva.</subfield>
    <subfield code="t">Výroční zpráva (Ústřední svaz československého studentstva)</subfield>
    <subfield code="7">kon20201091065</subfield>
  </datafield>
  <datafield tag="410" ind1="2" ind2=" ">
    <subfield code="a">Ústřední svaz československého studentstva.</subfield>
    <subfield code="t">Výroční zpráva Ústředního svazu československého studentstva</subfield>
    <subfield code="0">o</subfield>
  </datafield>
  <datafield tag="670" ind1=" " ind2=" ">
    <subfield code="a">Výroční zpráva Ústředního svazu československého studentstva. V Praze : tiskem a nákladem Studentské knihtiskárny, 1923</subfield>
  </datafield>
  <datafield tag="906" ind1=" " ind2=" ">
    <subfield code="a">br20201102</subfield>
    <subfield code="b">juri</subfield>
  </datafield>
  <datafield tag="906" ind1=" " ind2=" ">
    <subfield code="a">ks20201102</subfield>
    <subfield code="b">juri</subfield>
  </datafield>
</record>