

<record>
  <leader>     nz  a22     n  4500</leader>
  <controlfield tag="001">ko20201091079</controlfield>
  <controlfield tag="003">CZ PrNK</controlfield>
  <controlfield tag="005">20201103094957.0</controlfield>
  <controlfield tag="008">201102|n|aznnnaabn           n a|a      </controlfield>
  <datafield tag="040" ind1=" " ind2=" ">
    <subfield code="a">ABA001</subfield>
    <subfield code="b">cze</subfield>
    <subfield code="d">ABA001</subfield>
    <subfield code="e">rda</subfield>
  </datafield>
  <datafield tag="111" ind1="2" ind2=" ">
    <subfield code="a">Colloque international "Giono: le discours du roman et ses figures"</subfield>
    <subfield code="d">(2014 :</subfield>
    <subfield code="c">Paříž, Francie)</subfield>
    <subfield code="7">ko20201091079</subfield>
  </datafield>
  <datafield tag="368" ind1=" " ind2=" ">
    <subfield code="a">kolokvia</subfield>
    <subfield code="a">mezinárodní konference</subfield>
  </datafield>
  <datafield tag="370" ind1=" " ind2=" ">
    <subfield code="c">Francie</subfield>
    <subfield code="e">Paříž, Francie</subfield>
  </datafield>
  <datafield tag="372" ind1=" " ind2=" ">
    <subfield code="a">francouzská literatura</subfield>
    <subfield code="a">francouzští spisovatelé</subfield>
    <subfield code="a">francouzská próza</subfield>
    <subfield code="a">francouzský román</subfield>
    <subfield code="a">literární kritika</subfield>
    <subfield code="a">literární věda</subfield>
  </datafield>
  <datafield tag="377" ind1=" " ind2=" ">
    <subfield code="a">fre</subfield>
  </datafield>
  <datafield tag="411" ind1="2" ind2=" ">
    <subfield code="a">Colloque international "Jean Giono: le discours du roman et ses figures"</subfield>
    <subfield code="d">(2014 :</subfield>
    <subfield code="c">Paříž, Francie)</subfield>
    <subfield code="0">o</subfield>
  </datafield>
  <datafield tag="411" ind1="2" ind2=" ">
    <subfield code="a">Colloque international "Le discours du roman et ses figures"</subfield>
    <subfield code="d">(2014 :</subfield>
    <subfield code="c">Paříž, Francie)</subfield>
    <subfield code="0">o</subfield>
  </datafield>
  <datafield tag="411" ind1="2" ind2=" ">
    <subfield code="a">Jean Giono: le discours du roman et ses figures (kolokvium)</subfield>
    <subfield code="d">(2014 :</subfield>
    <subfield code="c">Paříž, Francie)</subfield>
    <subfield code="0">o</subfield>
  </datafield>
  <datafield tag="411" ind1="2" ind2=" ">
    <subfield code="a">Giono: le discours du roman et ses figures (kolokvium)</subfield>
    <subfield code="d">(2014 :</subfield>
    <subfield code="c">Paříž, Francie)</subfield>
    <subfield code="0">o</subfield>
  </datafield>
  <datafield tag="411" ind1="2" ind2=" ">
    <subfield code="a">Discours du roman et ses figures (kolokvium)</subfield>
    <subfield code="d">(2014 :</subfield>
    <subfield code="c">Paříž, Francie)</subfield>
    <subfield code="0">o</subfield>
  </datafield>
  <datafield tag="670" ind1=" " ind2=" ">
    <subfield code="a">Jean Giono : une poétique de la figuration</subfield>
    <subfield code="b">odkaz viz</subfield>
  </datafield>
  <datafield tag="670" ind1=" " ind2=" ">
    <subfield code="a">DNB, cit. 2.11.2020</subfield>
    <subfield code="b">autoritní forma; odkazy viz</subfield>
  </datafield>
  <datafield tag="670" ind1=" " ind2=" ">
    <subfield code="a">www(Factuel, l'info de l'Université de Lorraine), cit. 2.11.2020</subfield>
    <subfield code="b">autoritní forma; odkaz viz</subfield>
  </datafield>
  <datafield tag="675" ind1=" " ind2=" ">
    <subfield code="a">LC (Names), cit. 2.11.2020</subfield>
  </datafield>
  <datafield tag="906" ind1=" " ind2=" ">
    <subfield code="a">za20201102</subfield>
    <subfield code="b">klou</subfield>
  </datafield>
  <datafield tag="906" ind1=" " ind2=" ">
    <subfield code="a">vr20201103</subfield>
    <subfield code="b">svsv</subfield>
  </datafield>
</record>