

<record>
  <leader>     nz  a22     n  4500</leader>
  <datafield tag="900" ind1=" " ind2=" ">
    <subfield code="a">J-NÁVRH-STT</subfield>
  </datafield>
  <controlfield tag="001">ntk20201091094</controlfield>
  <controlfield tag="003">CZ PrNK</controlfield>
  <controlfield tag="005">20201102102405.0</controlfield>
  <controlfield tag="008">201102|n|aznnnaabn           n a|a      </controlfield>
  <datafield tag="024" ind1="7" ind2=" ">
    <subfield code="a">0000000013768044</subfield>
    <subfield code="2">isni</subfield>
  </datafield>
  <datafield tag="024" ind1="7" ind2=" ">
    <subfield code="a">Q17574875</subfield>
    <subfield code="2">wikidata</subfield>
  </datafield>
  <datafield tag="040" ind1=" " ind2=" ">
    <subfield code="a">ABA013</subfield>
    <subfield code="b">cze</subfield>
    <subfield code="e">rda</subfield>
  </datafield>
  <datafield tag="046" ind1=" " ind2=" ">
    <subfield code="f">1581</subfield>
    <subfield code="g">1634</subfield>
  </datafield>
  <datafield tag="100" ind1="1" ind2=" ">
    <subfield code="a">Brentel, Georg,</subfield>
    <subfield code="d">1581-1634</subfield>
    <subfield code="7">ntk20201091094</subfield>
  </datafield>
  <datafield tag="368" ind1=" " ind2=" ">
    <subfield code="d">Bürgermeister in Lauingen</subfield>
  </datafield>
  <datafield tag="370" ind1=" " ind2=" ">
    <subfield code="a">Lauingen, Bavorsko, Německo</subfield>
    <subfield code="b">Nördlingen, Německo</subfield>
    <subfield code="c">Německo</subfield>
    <subfield code="f">Nördlingen, Německo</subfield>
    <subfield code="f">Lauingen, Bavorsko, Německo</subfield>
  </datafield>
  <datafield tag="372" ind1=" " ind2=" ">
    <subfield code="a">obrazy</subfield>
    <subfield code="a">mědirytiny</subfield>
    <subfield code="a">knižní ilustrace</subfield>
    <subfield code="a">matematika</subfield>
    <subfield code="a">geometrie</subfield>
    <subfield code="a">astronomie</subfield>
    <subfield code="a">sluneční hodiny</subfield>
    <subfield code="a">vydavatelská činnost</subfield>
    <subfield code="a">regionální politika</subfield>
  </datafield>
  <datafield tag="374" ind1=" " ind2=" ">
    <subfield code="a">malíři</subfield>
    <subfield code="a">mědirytci</subfield>
    <subfield code="a">ilustrátoři</subfield>
    <subfield code="a">matematici</subfield>
    <subfield code="a">astronomové</subfield>
    <subfield code="a">nakladatelé a vydavatelé</subfield>
    <subfield code="a">regionální politici</subfield>
    <subfield code="a">starostové</subfield>
  </datafield>
  <datafield tag="375" ind1=" " ind2=" ">
    <subfield code="a">muž</subfield>
  </datafield>
  <datafield tag="377" ind1=" " ind2=" ">
    <subfield code="a">ger</subfield>
    <subfield code="a">lat</subfield>
  </datafield>
  <datafield tag="400" ind1="1" ind2=" ">
    <subfield code="a">Brendel, Georg,</subfield>
    <subfield code="d">1581-1634</subfield>
    <subfield code="0">o</subfield>
  </datafield>
  <datafield tag="400" ind1="1" ind2=" ">
    <subfield code="a">Brendel, Georgius,</subfield>
    <subfield code="d">1581-1634</subfield>
    <subfield code="0">o</subfield>
  </datafield>
  <datafield tag="400" ind1="1" ind2=" ">
    <subfield code="a">Brentel, Georg,</subfield>
    <subfield code="c">der Jüngere,</subfield>
    <subfield code="d">1581-1634</subfield>
    <subfield code="0">o</subfield>
  </datafield>
  <datafield tag="400" ind1="1" ind2=" ">
    <subfield code="a">Brenteln, Georg,</subfield>
    <subfield code="d">1581-1634</subfield>
    <subfield code="0">o</subfield>
  </datafield>
  <datafield tag="400" ind1="1" ind2=" ">
    <subfield code="a">Brenteln, Georgius,</subfield>
    <subfield code="d">1581-1634</subfield>
    <subfield code="0">o</subfield>
  </datafield>
  <datafield tag="400" ind1="1" ind2=" ">
    <subfield code="a">Brenntel, Georg,</subfield>
    <subfield code="d">1581-1634</subfield>
    <subfield code="0">o</subfield>
  </datafield>
  <datafield tag="400" ind1="1" ind2=" ">
    <subfield code="a">Brenttel, Georg,</subfield>
    <subfield code="d">1581-1634</subfield>
    <subfield code="0">o</subfield>
  </datafield>
  <datafield tag="400" ind1="0" ind2=" ">
    <subfield code="a">G. B. L.,</subfield>
    <subfield code="d">1581-1634</subfield>
    <subfield code="0">o</subfield>
  </datafield>
  <datafield tag="400" ind1="0" ind2=" ">
    <subfield code="a">G. B.,</subfield>
    <subfield code="d">1581-1634</subfield>
    <subfield code="0">o</subfield>
  </datafield>
  <datafield tag="400" ind1="0" ind2=" ">
    <subfield code="a">GB,</subfield>
    <subfield code="d">1581-1634</subfield>
    <subfield code="0">o</subfield>
  </datafield>
  <datafield tag="400" ind1="0" ind2=" ">
    <subfield code="a">GBL,</subfield>
    <subfield code="d">1581-1634</subfield>
    <subfield code="0">o</subfield>
  </datafield>
  <datafield tag="667" ind1=" " ind2=" ">
    <subfield code="a">http://d-nb.info/gnd/124938949.</subfield>
  </datafield>
  <datafield tag="667" ind1=" " ind2=" ">
    <subfield code="a">DNB uvádí doplňkově další pramen, který uvádí možnost roku úmrtí 1638.</subfield>
  </datafield>
  <datafield tag="670" ind1=" " ind2=" ">
    <subfield code="a">GEOMETRIÆ PRACTICÆ. TRACTATUS IV., Darinnen Camilli Ravertæ Mediolanensis, Erfindung, ... Durch M. DANIELEM Schwenter ... Nürnberg: Gedruckt vnd verlegt durch Jeremiam Dümlern, 1641. [Dedikace]: Dem ..., Herrn Georgio Brendel, eines E. E. Fürsichtigen und Wolweisen Raths des h. Reichs Stadt Nördlingen, wolver odnetem Spitaleister: ...</subfield>
    <subfield code="b">odkaz viz</subfield>
    <subfield code="u">https://reader.digitale-sammlungen.de/de/fs1/object/display/bsb11218533_00003.html</subfield>
  </datafield>
  <datafield tag="670" ind1=" " ind2=" ">
    <subfield code="a">DNB, 2. 11. 2020</subfield>
    <subfield code="b">autoritní forma, odkazy viz, datum a místo narození a úmrtí, místa činnosti, biografické a profesní údaje</subfield>
    <subfield code="u">http://d-nb.info/gnd/124938949</subfield>
  </datafield>
  <datafield tag="670" ind1=" " ind2=" ">
    <subfield code="a">www(Wikipedia, die freie Enzyklopädie), cit. 2. 11. 2020</subfield>
    <subfield code="b">datum úmrtí, biografické a profesní údaje |u</subfield>
    <subfield code="u">https://de.wikipedia.org/wiki/Georg_Brentel_der_J%C3%BCngere</subfield>
  </datafield>
  <datafield tag="678" ind1="0" ind2=" ">
    <subfield code="a">Německý kreslíř, ilustrátor, učenec i regionální politik. Pocházel a studoval v Lauingenu, od r. 1601 tam působil jako malíř, ale jeho publikace prozrazují, že se zabýval i matematikou a astronomií (do r. 1919). Je též tvůrcem návrhu slunečních hodin. Stal se také členem městské rady a posléze i starostou. V r. 1621 z důvodu náboženských konfliktů přesídlil do města Nördlingen. V daňových knihách města je uveden i jako městský architekt (1624-1626 a 1633-1634) a nemocniční mistr (1627-29). Byl synem malíře Hanse Brentela (1532-1614) a synovcem malíře erbů Georga Brentela, staršího 1525-1610. Jeho jméno bývá uváděno v publikacích 17. století také v roli dedikanta.</subfield>
  </datafield>
  <datafield tag="906" ind1=" " ind2=" ">
    <subfield code="a">za20201102</subfield>
    <subfield code="b">evbr</subfield>
  </datafield>
  <datafield tag="906" ind1=" " ind2=" ">
    <subfield code="a">ko20201102</subfield>
    <subfield code="b">evbr</subfield>
  </datafield>
</record>