

<record>
  <leader>     cz  a22     n  4500</leader>
  <controlfield tag="001">xx0253443</controlfield>
  <controlfield tag="003">CZ PrNK</controlfield>
  <controlfield tag="005">20201106163006.0</controlfield>
  <controlfield tag="008">201102|n|aznnnaabn           n a|a      </controlfield>
  <datafield tag="040" ind1=" " ind2=" ">
    <subfield code="a">BOE303</subfield>
    <subfield code="b">cze</subfield>
    <subfield code="d">ABA001</subfield>
    <subfield code="e">rda</subfield>
  </datafield>
  <datafield tag="046" ind1=" " ind2=" ">
    <subfield code="f">1926</subfield>
    <subfield code="g">2012</subfield>
  </datafield>
  <datafield tag="100" ind1="1" ind2=" ">
    <subfield code="a">Bar-Gera, Kenda,</subfield>
    <subfield code="d">1926-2012</subfield>
    <subfield code="7">xx0253443</subfield>
  </datafield>
  <datafield tag="MOR" ind1="0" ind2=" ">
    <subfield code="a">Bar-Gera, Kenda</subfield>
    <subfield code="d">1926-2012</subfield>
    <subfield code="7">xx0253443</subfield>
  </datafield>
  <datafield tag="370" ind1=" " ind2=" ">
    <subfield code="a">Lodž, Polsko</subfield>
    <subfield code="b">Tel Aviv-Jafo, Izrael</subfield>
    <subfield code="c">Polsko</subfield>
    <subfield code="c">Izrael</subfield>
  </datafield>
  <datafield tag="370" ind1=" " ind2=" ">
    <subfield code="c">Německo</subfield>
    <subfield code="s">1963</subfield>
  </datafield>
  <datafield tag="372" ind1=" " ind2=" ">
    <subfield code="a">umění</subfield>
    <subfield code="a">výtvarné umění</subfield>
    <subfield code="a">galerie</subfield>
  </datafield>
  <datafield tag="374" ind1=" " ind2=" ">
    <subfield code="a">sběratelky umění</subfield>
    <subfield code="a">galeristky</subfield>
  </datafield>
  <datafield tag="375" ind1=" " ind2=" ">
    <subfield code="a">žena</subfield>
  </datafield>
  <datafield tag="377" ind1=" " ind2=" ">
    <subfield code="a">ger</subfield>
  </datafield>
  <datafield tag="400" ind1="1" ind2=" ">
    <subfield code="a">Bargera, Kenda,</subfield>
    <subfield code="d">1926-2012</subfield>
    <subfield code="0">o</subfield>
  </datafield>
  <datafield tag="400" ind1="1" ind2=" ">
    <subfield code="a">Gera, Kenda Bar-,</subfield>
    <subfield code="d">1926-2012</subfield>
    <subfield code="0">o</subfield>
  </datafield>
  <datafield tag="670" ind1=" " ind2=" ">
    <subfield code="a">Bajcurová, Katarína: Nonkonformisti : druhá ruská avangarda : 1955-1988 zbierka Bar-Gera, 2008</subfield>
  </datafield>
  <datafield tag="670" ind1=" " ind2=" ">
    <subfield code="a">DNB, cit. 6. 11. 2020</subfield>
    <subfield code="b">autoritní forma, odkazy viz, biografické údaje</subfield>
  </datafield>
  <datafield tag="670" ind1=" " ind2=" ">
    <subfield code="a">NUKAT, cit. 6. 11. 2020</subfield>
    <subfield code="b">biografické údaje</subfield>
  </datafield>
  <datafield tag="670" ind1=" " ind2=" ">
    <subfield code="a">www(Wikipedia, die freie Enzyklopädie), cit. 6. 11. 2020</subfield>
    <subfield code="b">biografické údaje</subfield>
    <subfield code="u">https://de.wikipedia.org/wiki/Sammlung_Bar-Gera</subfield>
  </datafield>
  <datafield tag="670" ind1=" " ind2=" ">
    <subfield code="a">www(Brown, Mark: Russian art collection of Jewish couple who survived the Nazis goes on display. In: The Guardian), 25. 11. 2016, cit. 6. 11. 2020</subfield>
    <subfield code="b">biografické údaje</subfield>
  </datafield>
  <datafield tag="678" ind1="0" ind2=" ">
    <subfield code="a">Německá galeristka a sběratelka umění. S manželem Jacobem Bar-Gera podporovali významné, ale nonkonformní sovětské malíře, kupovali jejich obrazy a organizovali a financovali vývoz obrazů z poststalinistického Sovětského svazu do Německa.</subfield>
  </datafield>
  <datafield tag="906" ind1=" " ind2=" ">
    <subfield code="a">za20201102</subfield>
    <subfield code="b">xjale</subfield>
  </datafield>
  <datafield tag="906" ind1=" " ind2=" ">
    <subfield code="a">oz20201106</subfield>
    <subfield code="b">kurd</subfield>
    <subfield code="c">Záhlaví - formální oprava; 370a,b - nově, 370c - další výskyt, 372a, 374a - další výskyty; 377 - nově; Odkaz viz - formální oprava, další výskyt; 670 - doplnění, aktualizace, zrušeno, formální oprava, další výskyty; 678 - doplnění</subfield>
  </datafield>
</record>