

<record>
  <leader>     cz  a22     n  4500</leader>
  <controlfield tag="001">xx0253444</controlfield>
  <controlfield tag="003">CZ PrNK</controlfield>
  <controlfield tag="005">20201106101621.0</controlfield>
  <controlfield tag="008">201102|n|aznnnaabn           n a|a      </controlfield>
  <datafield tag="040" ind1=" " ind2=" ">
    <subfield code="a">BOE303</subfield>
    <subfield code="b">cze</subfield>
    <subfield code="d">ABA001</subfield>
    <subfield code="e">rda</subfield>
  </datafield>
  <datafield tag="046" ind1=" " ind2=" ">
    <subfield code="f">1939</subfield>
  </datafield>
  <datafield tag="100" ind1="1" ind2=" ">
    <subfield code="a">Baran, Oldřich,</subfield>
    <subfield code="d">1939-</subfield>
    <subfield code="7">xx0253444</subfield>
  </datafield>
  <datafield tag="370" ind1=" " ind2=" ">
    <subfield code="a">Ostrava, Česko</subfield>
    <subfield code="c">Česko</subfield>
    <subfield code="f">Břeclav, Česko</subfield>
    <subfield code="f">Poštorná, Břeclav, Česko</subfield>
    <subfield code="f">Hodonín, Česko</subfield>
  </datafield>
  <datafield tag="372" ind1=" " ind2=" ">
    <subfield code="a">užité umění</subfield>
    <subfield code="a">dekorativní umění</subfield>
    <subfield code="a">kamenina</subfield>
    <subfield code="a">keramika</subfield>
  </datafield>
  <datafield tag="374" ind1=" " ind2=" ">
    <subfield code="a">keramici</subfield>
  </datafield>
  <datafield tag="375" ind1=" " ind2=" ">
    <subfield code="a">muž</subfield>
  </datafield>
  <datafield tag="670" ind1=" " ind2=" ">
    <subfield code="a">www(GVU Hodonín - Oldřich Baran), cit. 26. 10. 2020</subfield>
    <subfield code="b">biografické údaje</subfield>
  </datafield>
  <datafield tag="670" ind1=" " ind2=" ">
    <subfield code="a">Baran, Oldřich: Oldřich Baran : Keramika : Katalog výstavy, [Hodonín, 13. 5-30. 6. 1980], 1980</subfield>
    <subfield code="b">autoritní forma</subfield>
  </datafield>
  <datafield tag="670" ind1=" " ind2=" ">
    <subfield code="a">www(Živnostenský rejstřík), cit. 6. 11. 2020</subfield>
    <subfield code="b">datum narození, biografické údaje</subfield>
  </datafield>
  <datafield tag="678" ind1="0" ind2=" ">
    <subfield code="a">Narozen 6. 8. 1939 v Ostravě. Keramik zaměřený na práci s kameninou, autor užité i dekorativní keramiky. Pracovník vývojového oddělení keramických závodů.</subfield>
  </datafield>
  <datafield tag="906" ind1=" " ind2=" ">
    <subfield code="a">za20201102</subfield>
    <subfield code="b">xjale</subfield>
  </datafield>
  <datafield tag="906" ind1=" " ind2=" ">
    <subfield code="a">op20201106</subfield>
    <subfield code="b">kurd</subfield>
    <subfield code="c">370a,f - formální opravy, 370f - další výskyty, 372a - další výskyty, 377 - zrušeno; 670 - doplnění, formální oprava, další výskyt; 678 - formální oprava, zrušeno, doplnění</subfield>
  </datafield>
</record>