

<record>
  <leader>     nz  a22     n  4500</leader>
  <controlfield tag="001">jo20201091112</controlfield>
  <controlfield tag="003">CZ PrNK</controlfield>
  <controlfield tag="005">20201102130915.0</controlfield>
  <controlfield tag="008">201102|n|aznnnaabn           n a|a      </controlfield>
  <datafield tag="040" ind1=" " ind2=" ">
    <subfield code="a">ABA001</subfield>
    <subfield code="b">cze</subfield>
    <subfield code="e">rda</subfield>
  </datafield>
  <datafield tag="046" ind1=" " ind2=" ">
    <subfield code="f">1943</subfield>
  </datafield>
  <datafield tag="100" ind1="1" ind2=" ">
    <subfield code="a">Řeha, Václav,</subfield>
    <subfield code="d">1943-</subfield>
    <subfield code="7">jo20201091112</subfield>
  </datafield>
  <datafield tag="370" ind1=" " ind2=" ">
    <subfield code="a">Řepiště, Česko</subfield>
    <subfield code="c">Česko</subfield>
  </datafield>
  <datafield tag="372" ind1=" " ind2=" ">
    <subfield code="a">vojenské dějiny</subfield>
    <subfield code="a">historické spolky</subfield>
    <subfield code="a">rekonstrukce bitev</subfield>
    <subfield code="a">sběratelství</subfield>
    <subfield code="a">restaurování nábytku</subfield>
    <subfield code="a">tramping</subfield>
  </datafield>
  <datafield tag="373" ind1=" " ind2=" ">
    <subfield code="a">Slavkovské bojiště - Austerlitz (sdružení)</subfield>
    <subfield code="a">Muzeum Beskyd (Frýdek-Místek, Česko)</subfield>
  </datafield>
  <datafield tag="374" ind1=" " ind2=" ">
    <subfield code="a">restaurátoři</subfield>
    <subfield code="a">amatérští umělci</subfield>
  </datafield>
  <datafield tag="375" ind1=" " ind2=" ">
    <subfield code="a">muž</subfield>
  </datafield>
  <datafield tag="377" ind1=" " ind2=" ">
    <subfield code="a">cze</subfield>
  </datafield>
  <datafield tag="400" ind1="1" ind2=" ">
    <subfield code="a">Řeha, Wenzel,</subfield>
    <subfield code="d">1943-</subfield>
    <subfield code="0">o</subfield>
  </datafield>
  <datafield tag="400" ind1="1" ind2=" ">
    <subfield code="w">r</subfield>
    <subfield code="i">Pseudonym:</subfield>
    <subfield code="a">Fossoyeur, Wenzel,</subfield>
    <subfield code="d">1943-</subfield>
    <subfield code="0">o</subfield>
  </datafield>
  <datafield tag="670" ind1=" " ind2=" ">
    <subfield code="a">ŘEHA, Václav a KOPECKÝ, František, ed. Vzpomínky Václava Řehy. Brno: Zájmové sdružení právnických osob Slavkovské bojiště - Austerlitz, [2020]</subfield>
    <subfield code="b">autoritní forma, datum narození, biografické údaje, odkaz viz</subfield>
  </datafield>
  <datafield tag="670" ind1=" " ind2=" ">
    <subfield code="a">www(Uniformy napoleonských válek na malbách amatérského malíře Václava Řehy. In: Facebook - Knihkupectví Kapitola), 6. 9. 2017, cit. 2. 11. 2020</subfield>
    <subfield code="b">biografické údaje, odkaz viz</subfield>
  </datafield>
  <datafield tag="678" ind1="0" ind2=" ">
    <subfield code="a">Narozen 7. 9. 1943 v Řepištích. Sběratel militarií, člen Klubu přátel francouzské revoluce, spoluzakladatel a kronikář Asociace 8. historického pluku francouzské pěchoty. Profesí dřevomodelář, restaurátor dřevěného nábytku. Amatérský malíř.</subfield>
  </datafield>
  <datafield tag="906" ind1=" " ind2=" ">
    <subfield code="a">br20201102</subfield>
    <subfield code="b">beba</subfield>
  </datafield>
</record>