

<record>
  <leader>     cz  a22     n  4500</leader>
  <controlfield tag="001">xx0253454</controlfield>
  <controlfield tag="003">CZ PrNK</controlfield>
  <controlfield tag="005">20201104160755.0</controlfield>
  <controlfield tag="008">201102|n|aznnnaabn           n a|a      </controlfield>
  <datafield tag="040" ind1=" " ind2=" ">
    <subfield code="a">BOE303</subfield>
    <subfield code="b">cze</subfield>
    <subfield code="d">ABA001</subfield>
    <subfield code="e">rda</subfield>
  </datafield>
  <datafield tag="046" ind1=" " ind2=" ">
    <subfield code="f">1812</subfield>
    <subfield code="g">1896</subfield>
  </datafield>
  <datafield tag="100" ind1="1" ind2=" ">
    <subfield code="a">Barbet de Jouy, Henry,</subfield>
    <subfield code="d">1812-1896</subfield>
    <subfield code="7">xx0253454</subfield>
  </datafield>
  <datafield tag="370" ind1=" " ind2=" ">
    <subfield code="c">Francie</subfield>
    <subfield code="f">Paříž, Francie</subfield>
  </datafield>
  <datafield tag="372" ind1=" " ind2=" ">
    <subfield code="a">archeologie</subfield>
    <subfield code="a">muzejnictví</subfield>
    <subfield code="a">kurátorství sbírek</subfield>
  </datafield>
  <datafield tag="374" ind1=" " ind2=" ">
    <subfield code="a">archeologové</subfield>
    <subfield code="a">ředitelé muzeí</subfield>
    <subfield code="a">kurátoři sbírek</subfield>
  </datafield>
  <datafield tag="375" ind1=" " ind2=" ">
    <subfield code="a">muž</subfield>
  </datafield>
  <datafield tag="377" ind1=" " ind2=" ">
    <subfield code="a">fre</subfield>
  </datafield>
  <datafield tag="400" ind1="1" ind2=" ">
    <subfield code="a">Jouy, Henri Barbet de,</subfield>
    <subfield code="d">1812-1896</subfield>
    <subfield code="0">o</subfield>
  </datafield>
  <datafield tag="400" ind1="1" ind2=" ">
    <subfield code="a">Barbet de Jouy, Henri,</subfield>
    <subfield code="d">1812-1896</subfield>
    <subfield code="0">o</subfield>
  </datafield>
  <datafield tag="400" ind1="1" ind2=" ">
    <subfield code="a">Jouy, Henry Barbet de,</subfield>
    <subfield code="d">1812-1896</subfield>
    <subfield code="0">o</subfield>
  </datafield>
  <datafield tag="400" ind1="1" ind2=" ">
    <subfield code="a">Barbet de Jouy, M. H.,</subfield>
    <subfield code="d">1812-1896</subfield>
    <subfield code="0">o</subfield>
  </datafield>
  <datafield tag="670" ind1=" " ind2=" ">
    <subfield code="a">Jacquemart, Albert - Barbet de Jouy, M. H. - Jacquemart, Jules: Histoire du mobilier : recherches et notes sur les objets dʼart, 1876</subfield>
    <subfield code="b">odkaz viz 4</subfield>
  </datafield>
  <datafield tag="670" ind1=" " ind2=" ">
    <subfield code="a">BNF, cit. 4. 11. 2020</subfield>
    <subfield code="b">autoritní forma, data, odazy viz 1-3, biografické údaje</subfield>
  </datafield>
  <datafield tag="678" ind1="0" ind2=" ">
    <subfield code="a">Francouzský archeolog, kurátor sbírek v muzeu Louvre, ředitel národního muzea.</subfield>
  </datafield>
  <datafield tag="906" ind1=" " ind2=" ">
    <subfield code="a">za20201102</subfield>
    <subfield code="b">xjale</subfield>
  </datafield>
  <datafield tag="906" ind1=" " ind2=" ">
    <subfield code="a">op20201104</subfield>
    <subfield code="b">kurd</subfield>
    <subfield code="c">370f - nově, 372a - další výskyt; odkazy viz - další výskyt, formální opravy; 670 - aktualizace, doplnění, formální opravy; 678 - zrušeno, doplnění</subfield>
  </datafield>
</record>