

<record>
  <leader>     cz  a22     n  4500</leader>
  <controlfield tag="001">xx0253457</controlfield>
  <controlfield tag="003">CZ PrNK</controlfield>
  <controlfield tag="005">20201105150305.0</controlfield>
  <controlfield tag="008">201102|n|aznnnaabn           n a|a      </controlfield>
  <datafield tag="040" ind1=" " ind2=" ">
    <subfield code="a">BOE303</subfield>
    <subfield code="b">cze</subfield>
    <subfield code="d">ABA001</subfield>
    <subfield code="e">rda</subfield>
  </datafield>
  <datafield tag="046" ind1=" " ind2=" ">
    <subfield code="f">1985</subfield>
  </datafield>
  <datafield tag="100" ind1="1" ind2=" ">
    <subfield code="a">Barczi, Július,</subfield>
    <subfield code="d">1985-</subfield>
    <subfield code="7">xx0253457</subfield>
  </datafield>
  <datafield tag="370" ind1=" " ind2=" ">
    <subfield code="c">Slovensko</subfield>
    <subfield code="f">Betliar, Slovensko</subfield>
    <subfield code="f">Bratislava, Slovensko</subfield>
  </datafield>
  <datafield tag="372" ind1=" " ind2=" ">
    <subfield code="a">dějiny umění</subfield>
    <subfield code="a">výtvarné umění</subfield>
    <subfield code="a">teorie umění</subfield>
    <subfield code="a">kurátorství výstav</subfield>
  </datafield>
  <datafield tag="374" ind1=" " ind2=" ">
    <subfield code="a">historici umění</subfield>
    <subfield code="a">teoretici umění</subfield>
    <subfield code="a">kurátoři výstav</subfield>
  </datafield>
  <datafield tag="375" ind1=" " ind2=" ">
    <subfield code="a">muž</subfield>
  </datafield>
  <datafield tag="377" ind1=" " ind2=" ">
    <subfield code="a">slo</subfield>
    <subfield code="a">hun</subfield>
  </datafield>
  <datafield tag="400" ind1="1" ind2=" ">
    <subfield code="a">Barczi, Gyula,</subfield>
    <subfield code="d">1985-</subfield>
    <subfield code="0">o</subfield>
  </datafield>
  <datafield tag="670" ind1=" " ind2=" ">
    <subfield code="a">Abelovský, J., Bajcurová, K., Barczi, J.: Posledný klasik : Ernest Zmeták - umelec a zberateľ, 2011</subfield>
  </datafield>
  <datafield tag="670" ind1=" " ind2=" ">
    <subfield code="a">SNK, cit. 5. 11. 2020</subfield>
    <subfield code="b">autoritní forma, datum narození, odkaz viz, biografické údaje</subfield>
  </datafield>
  <datafield tag="670" ind1=" " ind2=" ">
    <subfield code="a">www(Slovenská národná galéria), cit. 29. 10. 2020</subfield>
    <subfield code="b">biografické údaje</subfield>
  </datafield>
  <datafield tag="670" ind1=" " ind2=" ">
    <subfield code="a">www(Aukčná spoločnosť SOGA spol. s r.o. - Autori/Július Barczi - aukcie, diela, výtvarné diela, umenie, obrazy, starožitnosti, online aukcie, umelci), cit. 5. 11. 2020</subfield>
    <subfield code="b">biografické údaje</subfield>
  </datafield>
  <datafield tag="678" ind1="0" ind2=" ">
    <subfield code="a">Slovenský historik umění a teoretik umění. Specializuje se na umění 19. století a modernizmu, historii sběratelství a sbírky uherské šlechty. Soudní znalec v oboru umělecká díla. Pracovník v Aukční společnosti SOGA jako vědecký garant děl starých mistrů a maďarského umění. Kurátor výstav, spoluautor katalogů k výstavám, autor článků a statí z oboru.</subfield>
  </datafield>
  <datafield tag="906" ind1=" " ind2=" ">
    <subfield code="a">za20201102</subfield>
    <subfield code="b">xjale</subfield>
  </datafield>
  <datafield tag="906" ind1=" " ind2=" ">
    <subfield code="a">op20201105</subfield>
    <subfield code="b">kurd</subfield>
    <subfield code="c">370f - nově, 372a, 374a, 377a - další výskyty; Odkaz viz - oprava jména; 670 - aktualizace, doplnění, další výskyt; 678 - doplnění</subfield>
  </datafield>
</record>