

<record>
  <leader>     cz  a22     n  4500</leader>
  <controlfield tag="001">xx0253462</controlfield>
  <controlfield tag="003">CZ PrNK</controlfield>
  <controlfield tag="005">20201103144100.0</controlfield>
  <controlfield tag="008">201102|n|aznnnaabn           n a|a      </controlfield>
  <datafield tag="040" ind1=" " ind2=" ">
    <subfield code="a">BOE303</subfield>
    <subfield code="b">cze</subfield>
    <subfield code="d">ABA001</subfield>
    <subfield code="e">rda</subfield>
  </datafield>
  <datafield tag="046" ind1=" " ind2=" ">
    <subfield code="f">1882</subfield>
    <subfield code="g">1974</subfield>
  </datafield>
  <datafield tag="100" ind1="1" ind2=" ">
    <subfield code="a">Bárdos, Artúr,</subfield>
    <subfield code="d">1882-1974</subfield>
    <subfield code="7">xx0253462</subfield>
  </datafield>
  <datafield tag="MOR" ind1="0" ind2=" ">
    <subfield code="a">Bárdos, Artur,</subfield>
    <subfield code="d">1882-1974</subfield>
    <subfield code="7">xx0253462</subfield>
  </datafield>
  <datafield tag="370" ind1=" " ind2=" ">
    <subfield code="c">Maďarsko</subfield>
  </datafield>
  <datafield tag="372" ind1=" " ind2=" ">
    <subfield code="a">divadlo</subfield>
    <subfield code="a">film</subfield>
    <subfield code="a">literatura</subfield>
  </datafield>
  <datafield tag="374" ind1=" " ind2=" ">
    <subfield code="a">režiséři</subfield>
    <subfield code="a">umělečtí kritici</subfield>
    <subfield code="a">spisovatelé</subfield>
    <subfield code="a">vysokoškolští učitelé</subfield>
  </datafield>
  <datafield tag="375" ind1=" " ind2=" ">
    <subfield code="a">muž</subfield>
  </datafield>
  <datafield tag="377" ind1=" " ind2=" ">
    <subfield code="a">hun</subfield>
  </datafield>
  <datafield tag="400" ind1="1" ind2=" ">
    <subfield code="a">Bárdos, A.,</subfield>
    <subfield code="d">1882-1974</subfield>
    <subfield code="0">o</subfield>
  </datafield>
  <datafield tag="670" ind1=" " ind2=" ">
    <subfield code="a">Bárdos, A.: Carlo Kotász, [1928?]</subfield>
    <subfield code="b">odkaz viz</subfield>
  </datafield>
  <datafield tag="670" ind1=" " ind2=" ">
    <subfield code="a">OSZK, cit. 3. 11. 2020</subfield>
    <subfield code="b">autoritní forma, data, biografické údaje</subfield>
  </datafield>
  <datafield tag="670" ind1=" " ind2=" ">
    <subfield code="a">www(Wikipédia, a szabad enciklopédia), cit. 29. 10. 2020</subfield>
    <subfield code="b">biografické údaje</subfield>
    <subfield code="u">https://hu.wikipedia.org/wiki/B%C3%A1rdos_Art%C3%BAr</subfield>
  </datafield>
  <datafield tag="678" ind1="0" ind2=" ">
    <subfield code="a">Maďarský divadelní, rozhlasový a filmový režisér, scenárista, kritik, univerzitní profesor, básník, dramatik, publicista, novinář.</subfield>
  </datafield>
  <datafield tag="906" ind1=" " ind2=" ">
    <subfield code="a">za20201102</subfield>
    <subfield code="b">xjale</subfield>
  </datafield>
  <datafield tag="906" ind1=" " ind2=" ">
    <subfield code="a">oz20201103</subfield>
    <subfield code="b">kurd</subfield>
    <subfield code="c">Záhlaví - oprava jména; Odkaz viz - nově; 670 - aktualizace, doplnění; 678 - zrušeno, doplnění</subfield>
  </datafield>
</record>