

<record>
  <leader>     cz  a22     n  4500</leader>
  <controlfield tag="001">xx0253463</controlfield>
  <controlfield tag="003">CZ PrNK</controlfield>
  <controlfield tag="005">20201106140430.0</controlfield>
  <controlfield tag="008">201102|n|aznnnaabn           n a|a      </controlfield>
  <datafield tag="040" ind1=" " ind2=" ">
    <subfield code="a">PNG001</subfield>
    <subfield code="b">cze</subfield>
    <subfield code="d">ABA001</subfield>
    <subfield code="e">rda</subfield>
  </datafield>
  <datafield tag="046" ind1=" " ind2=" ">
    <subfield code="f">1968</subfield>
  </datafield>
  <datafield tag="100" ind1="0" ind2=" ">
    <subfield code="a">Halldóra Geirharðsdóttir,</subfield>
    <subfield code="d">1968-</subfield>
    <subfield code="7">xx0253463</subfield>
  </datafield>
  <datafield tag="MOR" ind1="0" ind2=" ">
    <subfield code="a">Halldóra Geirharðsdóttir,</subfield>
    <subfield code="d">1968-</subfield>
    <subfield code="7">xx0253463</subfield>
  </datafield>
  <datafield tag="370" ind1=" " ind2=" ">
    <subfield code="c">Island</subfield>
  </datafield>
  <datafield tag="372" ind1=" " ind2=" ">
    <subfield code="a">herectví</subfield>
    <subfield code="a">hudba</subfield>
    <subfield code="a">pedagogika</subfield>
  </datafield>
  <datafield tag="374" ind1=" " ind2=" ">
    <subfield code="a">herečky</subfield>
    <subfield code="a">hudebnice</subfield>
    <subfield code="a">saxofonistky</subfield>
    <subfield code="a">vysokoškolské učitelky</subfield>
  </datafield>
  <datafield tag="375" ind1=" " ind2=" ">
    <subfield code="a">žena</subfield>
  </datafield>
  <datafield tag="377" ind1=" " ind2=" ">
    <subfield code="a">ice</subfield>
  </datafield>
  <datafield tag="400" ind1="1" ind2=" ">
    <subfield code="a">Geirharðsdóttir, Halldóra,</subfield>
    <subfield code="d">1968-</subfield>
    <subfield code="0">o</subfield>
  </datafield>
  <datafield tag="670" ind1=" " ind2=" ">
    <subfield code="a">Žena na válečné stezce [videozáznam, DVD], 2019 (Hrají: Halldóra Geirharðsdóttir)</subfield>
    <subfield code="b">biografické údaje</subfield>
  </datafield>
  <datafield tag="670" ind1=" " ind2=" ">
    <subfield code="a">www(Landsbókasafn Íslands - Háskólabókasafn), cit. 6. 11. 2020</subfield>
    <subfield code="b">autoritní forma, datum narození</subfield>
  </datafield>
  <datafield tag="670" ind1=" " ind2=" ">
    <subfield code="a">LC (Names), cit. 2.11.2020</subfield>
    <subfield code="b">biografické údaje, odkaz viz</subfield>
  </datafield>
  <datafield tag="670" ind1=" " ind2=" ">
    <subfield code="a">www(Wikipedia, frjálsa alfræðiritið), cit. 2.11.2020</subfield>
    <subfield code="b">biografické údaje, datum narození</subfield>
    <subfield code="u">https://is.wikipedia.org/wiki/Halld%C3%B3ra_Geirhar%C3%B0sd%C3%B3ttir</subfield>
  </datafield>
  <datafield tag="678" ind1="0" ind2=" ">
    <subfield code="a">Islandská herečka a pedagožka v oboru, též hudebnice, zpěvačka a hráčka na saxofon.</subfield>
  </datafield>
  <datafield tag="906" ind1=" " ind2=" ">
    <subfield code="a">za20201102</subfield>
    <subfield code="b">xmour</subfield>
  </datafield>
  <datafield tag="906" ind1=" " ind2=" ">
    <subfield code="a">oz20201106</subfield>
    <subfield code="b">adpi</subfield>
    <subfield code="c">Záhlaví - oprava transkripce</subfield>
  </datafield>
</record>