

<record>
  <leader>     nz  a22     n  4500</leader>
  <controlfield tag="001">ko20201091128</controlfield>
  <controlfield tag="003">CZ PrNK</controlfield>
  <controlfield tag="005">20201103095051.0</controlfield>
  <controlfield tag="008">201102|n|aznnnaabn           n a|a      </controlfield>
  <datafield tag="040" ind1=" " ind2=" ">
    <subfield code="a">ABA001</subfield>
    <subfield code="b">cze</subfield>
    <subfield code="d">ABA001</subfield>
    <subfield code="e">rda</subfield>
  </datafield>
  <datafield tag="110" ind1="2" ind2=" ">
    <subfield code="a">Mühlhäuser Arbeitskreis für Reichsstadtgeschichte.</subfield>
    <subfield code="b">Tagung</subfield>
    <subfield code="n">(7. :</subfield>
    <subfield code="d">2019 :</subfield>
    <subfield code="c">Mühlhausen, Německo)</subfield>
    <subfield code="7">ko20201091128</subfield>
  </datafield>
  <datafield tag="368" ind1=" " ind2=" ">
    <subfield code="a">konference</subfield>
  </datafield>
  <datafield tag="370" ind1=" " ind2=" ">
    <subfield code="c">Německo</subfield>
    <subfield code="e">Mühlhausen, Německo</subfield>
  </datafield>
  <datafield tag="372" ind1=" " ind2=" ">
    <subfield code="a">kulturní dějiny</subfield>
    <subfield code="a">sociální dějiny</subfield>
    <subfield code="a">zemědělství</subfield>
    <subfield code="a">rozvoj měst</subfield>
    <subfield code="a">renesance</subfield>
    <subfield code="a">humanismus</subfield>
    <subfield code="a">vědecký výzkum</subfield>
  </datafield>
  <datafield tag="377" ind1=" " ind2=" ">
    <subfield code="a">ger</subfield>
  </datafield>
  <datafield tag="411" ind1="2" ind2=" ">
    <subfield code="a">Reichsstadt und Landwirtschaft (konference)</subfield>
    <subfield code="d">(2019 :</subfield>
    <subfield code="c">Mühlhausen, Německo)</subfield>
    <subfield code="0">o</subfield>
  </datafield>
  <datafield tag="670" ind1=" " ind2=" ">
    <subfield code="a">Reichsstadt und Landwirtschaft : 7. Tagung des Mühlhäuser Arbeitskreises für Reichsstadtgeschichte, Mühlhausen 4. bis 6. März 2019</subfield>
  </datafield>
  <datafield tag="906" ind1=" " ind2=" ">
    <subfield code="a">za20201102</subfield>
    <subfield code="b">full</subfield>
  </datafield>
  <datafield tag="906" ind1=" " ind2=" ">
    <subfield code="a">vr20201103</subfield>
    <subfield code="b">svsv</subfield>
  </datafield>
</record>