

<record>
  <leader>     nz  a22     n  4500</leader>
  <datafield tag="900" ind1=" " ind2=" ">
    <subfield code="a">J-NÁVRH-STT</subfield>
  </datafield>
  <controlfield tag="001">ntk20201091138</controlfield>
  <controlfield tag="003">CZ PrNK</controlfield>
  <controlfield tag="005">20201102113947.0</controlfield>
  <controlfield tag="008">201102|n|aznnnaabn           n a|a      </controlfield>
  <datafield tag="024" ind1="7" ind2=" ">
    <subfield code="a">0000000365518399</subfield>
    <subfield code="2">isni</subfield>
  </datafield>
  <datafield tag="024" ind1="7" ind2=" ">
    <subfield code="a">Q33261603</subfield>
    <subfield code="2">wikidata</subfield>
  </datafield>
  <datafield tag="040" ind1=" " ind2=" ">
    <subfield code="a">ABA013</subfield>
    <subfield code="b">cze</subfield>
    <subfield code="e">rda</subfield>
  </datafield>
  <datafield tag="046" ind1=" " ind2=" ">
    <subfield code="f">1588</subfield>
    <subfield code="g">1665</subfield>
  </datafield>
  <datafield tag="100" ind1="1" ind2=" ">
    <subfield code="a">Viatis, Wolfgang,</subfield>
    <subfield code="d">1588-1665</subfield>
    <subfield code="7">ntk20201091138</subfield>
  </datafield>
  <datafield tag="370" ind1=" " ind2=" ">
    <subfield code="a">Norimberk, Německo</subfield>
    <subfield code="b">Norimberk, Německo</subfield>
    <subfield code="c">Německo</subfield>
    <subfield code="f">Norimberk, Německo</subfield>
  </datafield>
  <datafield tag="372" ind1=" " ind2=" ">
    <subfield code="a">obchod</subfield>
    <subfield code="a">bankovnictví</subfield>
    <subfield code="a">umělecké sbírky</subfield>
    <subfield code="a">historické zbraně</subfield>
    <subfield code="a">mince</subfield>
    <subfield code="a">numismatika</subfield>
  </datafield>
  <datafield tag="374" ind1=" " ind2=" ">
    <subfield code="a">obchodníci</subfield>
    <subfield code="a">bankéři</subfield>
    <subfield code="a">sběratelé</subfield>
    <subfield code="a">sběratelé umění</subfield>
    <subfield code="a">numismatikové</subfield>
  </datafield>
  <datafield tag="375" ind1=" " ind2=" ">
    <subfield code="a">muž</subfield>
  </datafield>
  <datafield tag="377" ind1=" " ind2=" ">
    <subfield code="a">ger</subfield>
  </datafield>
  <datafield tag="400" ind1="1" ind2=" ">
    <subfield code="a">Viatis, Wolffgang,</subfield>
    <subfield code="d">1588-1665</subfield>
    <subfield code="0">o</subfield>
  </datafield>
  <datafield tag="667" ind1=" " ind2=" ">
    <subfield code="a">http://d-nb.info/gnd/1019759143.</subfield>
  </datafield>
  <datafield tag="670" ind1=" " ind2=" ">
    <subfield code="a">GEOMETRIÆ PRACTICÆ NOVÆ ET AUCTÆ. Tractatus III., MENSULA PRÆTORIANA: Beschreibung deß Nutzlichen Geometrischen Tischleins, ... Durch M. Danielem Schvvnterum ... Nürnberg: Gedruckt und verlegt durch Jeremiam Dümler. [Dedikace]: Dem ... Wolffgang Viatis, ...</subfield>
    <subfield code="b">odkaz viz</subfield>
    <subfield code="u">http://mdz-nbn-resolving.de/urn:nbn:de:bvb:12-bsb11218532-0</subfield>
  </datafield>
  <datafield tag="670" ind1=" " ind2=" ">
    <subfield code="a">DNB, cit. 2. 11. 2020</subfield>
    <subfield code="b">autoritní forma, odkaz viz, datum a místo narození a úmrtí biografické a profesní údaje</subfield>
    <subfield code="u">http://d-nb.info/gnd/1019759143</subfield>
  </datafield>
  <datafield tag="678" ind1="0" ind2=" ">
    <subfield code="a">Německý obchodník a bankéř, sběratel uměleckých předmětů včetně starých zbraní. Jeho otcem byl obchodník, narozený v Benátkách, Bartholomäus Viatis, starší (1538-1624), jeho nevlastním bratrem Bartholomäus Viatis, mladší (1573-1644). Sbírky uměleckých předmětů zdědil jeho synovec Johann Andreas Viatis (1625-1698). Jeho jméno je v roli dedikanta spojeno s publikacemi 17. století.</subfield>
  </datafield>
  <datafield tag="906" ind1=" " ind2=" ">
    <subfield code="a">za20201102</subfield>
    <subfield code="b">evbr</subfield>
  </datafield>
  <datafield tag="906" ind1=" " ind2=" ">
    <subfield code="a">ko20201102</subfield>
    <subfield code="b">evbr</subfield>
  </datafield>
</record>