

<record>
  <leader>     nz  a22     n  4500</leader>
  <controlfield tag="001">ko20201091142</controlfield>
  <controlfield tag="003">CZ PrNK</controlfield>
  <controlfield tag="005">20201102122737.0</controlfield>
  <controlfield tag="008">201102|n|aznnnaabn           n a|a      </controlfield>
  <datafield tag="040" ind1=" " ind2=" ">
    <subfield code="a">ABA001</subfield>
    <subfield code="b">cze</subfield>
    <subfield code="e">rda</subfield>
  </datafield>
  <datafield tag="110" ind1="2" ind2=" ">
    <subfield code="a">Česká okresní péče o mládež v Mimoni (organizace)</subfield>
    <subfield code="7">ko20201091142</subfield>
  </datafield>
  <datafield tag="368" ind1=" " ind2=" ">
    <subfield code="a">instituce a organizace</subfield>
    <subfield code="a">spolky</subfield>
    <subfield code="a">veřejnoprávní organizace</subfield>
  </datafield>
  <datafield tag="370" ind1=" " ind2=" ">
    <subfield code="c">Česko</subfield>
    <subfield code="e">Mimoň, Česko</subfield>
    <subfield code="f">Československo</subfield>
  </datafield>
  <datafield tag="372" ind1=" " ind2=" ">
    <subfield code="a">péče o děti</subfield>
    <subfield code="a">sociálně-právní ochrana dětí</subfield>
    <subfield code="a">děti a mládež</subfield>
  </datafield>
  <datafield tag="377" ind1=" " ind2=" ">
    <subfield code="a">cze</subfield>
  </datafield>
  <datafield tag="410" ind1="2" ind2=" ">
    <subfield code="a">Česká okresní péče o mládež (organizace : Mimoň, Česko)</subfield>
    <subfield code="0">o</subfield>
  </datafield>
  <datafield tag="670" ind1=" " ind2=" ">
    <subfield code="a">Výroční zpráva o činnosti České okresní péče o mládež v Mimoni, jejího odboru Českosl. ochrany matek a dětí a poručníka z povolání za rok ...</subfield>
    <subfield code="b">autoritní forma</subfield>
  </datafield>
  <datafield tag="670" ind1=" " ind2=" ">
    <subfield code="a">Šmejkalová, Lucie: Vývoj metod sociální práce s dětmi a rodinou u nás od konce 30. let 20. století do současnost (diplomová práce), 2009</subfield>
    <subfield code="b">faktografické údaje</subfield>
  </datafield>
  <datafield tag="906" ind1=" " ind2=" ">
    <subfield code="a">br20201102</subfield>
    <subfield code="b">svsv</subfield>
  </datafield>
</record>