

<record>
  <leader>     nz  a22     n  4500</leader>
  <controlfield tag="001">xx0253471</controlfield>
  <controlfield tag="003">CZ PrNK</controlfield>
  <controlfield tag="005">20201103062344.0</controlfield>
  <controlfield tag="008">201102|n|aznnnaabn           n a|a      </controlfield>
  <datafield tag="040" ind1=" " ind2=" ">
    <subfield code="a">ABA008</subfield>
    <subfield code="b">cze</subfield>
    <subfield code="d">ABA001</subfield>
    <subfield code="e">rda</subfield>
  </datafield>
  <datafield tag="100" ind1="1" ind2=" ">
    <subfield code="a">Švejdová, Aneta</subfield>
    <subfield code="7">xx0253471</subfield>
  </datafield>
  <datafield tag="368" ind1=" " ind2=" ">
    <subfield code="d">MUDr.</subfield>
    <subfield code="s">2018</subfield>
  </datafield>
  <datafield tag="370" ind1=" " ind2=" ">
    <subfield code="c">Česko</subfield>
  </datafield>
  <datafield tag="372" ind1=" " ind2=" ">
    <subfield code="a">lékařství</subfield>
    <subfield code="a">chirurgie</subfield>
  </datafield>
  <datafield tag="374" ind1=" " ind2=" ">
    <subfield code="a">lékařky</subfield>
  </datafield>
  <datafield tag="375" ind1=" " ind2=" ">
    <subfield code="a">žena</subfield>
  </datafield>
  <datafield tag="377" ind1=" " ind2=" ">
    <subfield code="a">cze</subfield>
  </datafield>
  <datafield tag="670" ind1=" " ind2=" ">
    <subfield code="a">Švejdová, Aneta: Morgagniho kýla - kazuistiky. Rozhledy v chirurgii, 2020, roč. 99, č. 7, s. 323-325.</subfield>
    <subfield code="b">autoritní forma</subfield>
  </datafield>
  <datafield tag="670" ind1=" " ind2=" ">
    <subfield code="a">www(Česká lékařská komora), cit. 2. 11. 2020</subfield>
    <subfield code="b">profesní data</subfield>
  </datafield>
  <datafield tag="678" ind1="0" ind2=" ">
    <subfield code="a">MUDr., lékařka, autorka odborných statí z oblasti chirurgie (Chirurgická klinika, Lékařská fakulta UK a Fakultní nemocnice Plzeň).</subfield>
  </datafield>
  <datafield tag="906" ind1=" " ind2=" ">
    <subfield code="a">za20201102</subfield>
    <subfield code="b">xlufr</subfield>
  </datafield>
  <datafield tag="906" ind1=" " ind2=" ">
    <subfield code="a">fr20201103</subfield>
    <subfield code="b">lisi</subfield>
  </datafield>
</record>