

<record>
  <leader>     nz  a22     n  4500</leader>
  <controlfield tag="001">pna20201091150</controlfield>
  <controlfield tag="003">CZ PrNK</controlfield>
  <controlfield tag="005">20201103092156.0</controlfield>
  <controlfield tag="008">201102|n|aznnnaabn           n a|a      </controlfield>
  <datafield tag="040" ind1=" " ind2=" ">
    <subfield code="a">PNA001</subfield>
    <subfield code="b">cze</subfield>
    <subfield code="d">ABA001</subfield>
    <subfield code="e">rda</subfield>
  </datafield>
  <datafield tag="110" ind1="2" ind2=" ">
    <subfield code="a">DINO (umělecká skupina)</subfield>
    <subfield code="7">pna20201091150</subfield>
  </datafield>
  <datafield tag="368" ind1=" " ind2=" ">
    <subfield code="a">divadelní soubory</subfield>
    <subfield code="a">hudební divadla</subfield>
  </datafield>
  <datafield tag="370" ind1=" " ind2=" ">
    <subfield code="c">Česko</subfield>
    <subfield code="e">Chrást, Plzeň, Česko</subfield>
  </datafield>
  <datafield tag="372" ind1=" " ind2=" ">
    <subfield code="a">kočovné divadlo</subfield>
    <subfield code="a">hudební divadlo</subfield>
  </datafield>
  <datafield tag="377" ind1=" " ind2=" ">
    <subfield code="a">cze</subfield>
  </datafield>
  <datafield tag="670" ind1=" " ind2=" ">
    <subfield code="a">Karpíšek, Milan Benedikt: Divadélko DINO oslavilo dvacetiny. In: Plzeňský kraj, 18, 2020, č. 3, s. 7</subfield>
  </datafield>
  <datafield tag="670" ind1=" " ind2=" ">
    <subfield code="a">www (Best Bohemia Agency), cit. 2. 11. 2020</subfield>
  </datafield>
  <datafield tag="670" ind1=" " ind2=" ">
    <subfield code="a">www (bbkult.net), cit. 2. 11. 2020</subfield>
    <subfield code="b">souvis. místo</subfield>
  </datafield>
  <datafield tag="678" ind1=" " ind2=" ">
    <subfield code="a">Kočovné hudební divadlo pro děti.</subfield>
  </datafield>
  <datafield tag="906" ind1=" " ind2=" ">
    <subfield code="a">za20201102</subfield>
    <subfield code="b">kali</subfield>
  </datafield>
  <datafield tag="906" ind1=" " ind2=" ">
    <subfield code="a">vr20201103</subfield>
    <subfield code="b">svsv</subfield>
  </datafield>
</record>