

<record>
  <leader>     nz  a22     n  4500</leader>
  <datafield tag="900" ind1=" " ind2=" ">
    <subfield code="a">*J-NÁVRH</subfield>
  </datafield>
  <controlfield tag="001">hka20201091162</controlfield>
  <controlfield tag="003">CZ PrNK</controlfield>
  <controlfield tag="005">20201102125553.0</controlfield>
  <controlfield tag="008">201102|n|aznnnaabn           n a|a      </controlfield>
  <datafield tag="040" ind1=" " ind2=" ">
    <subfield code="a">HKA001</subfield>
    <subfield code="b">cze</subfield>
    <subfield code="e">rda</subfield>
  </datafield>
  <datafield tag="046" ind1=" " ind2=" ">
    <subfield code="f">1968</subfield>
  </datafield>
  <datafield tag="100" ind1="1" ind2=" ">
    <subfield code="a">Bahníková, Markéta,</subfield>
    <subfield code="d">1968-</subfield>
    <subfield code="7">hka20201091162</subfield>
  </datafield>
  <datafield tag="368" ind1=" " ind2=" ">
    <subfield code="d">Ing. arch.</subfield>
  </datafield>
  <datafield tag="370" ind1=" " ind2=" ">
    <subfield code="c">Česko</subfield>
  </datafield>
  <datafield tag="372" ind1=" " ind2=" ">
    <subfield code="a">architektura</subfield>
    <subfield code="a">historické stavby</subfield>
    <subfield code="a">lektorství (vzdělávání)</subfield>
  </datafield>
  <datafield tag="374" ind1=" " ind2=" ">
    <subfield code="a">architektky</subfield>
    <subfield code="a">středoškolské učitelky</subfield>
  </datafield>
  <datafield tag="375" ind1=" " ind2=" ">
    <subfield code="a">žena</subfield>
  </datafield>
  <datafield tag="377" ind1=" " ind2=" ">
    <subfield code="a">cze</subfield>
  </datafield>
  <datafield tag="670" ind1=" " ind2=" ">
    <subfield code="a">Svatý Václav a návrat k českému národnímu povědomí (kolektiv autorů Petr Bahník, Markéta Bahníková ... Igor Volný), 2020</subfield>
    <subfield code="b">autoritní forma, rok narození, biografické údaje</subfield>
  </datafield>
  <datafield tag="670" ind1=" " ind2=" ">
    <subfield code="a">www(Živnostenský rejstřík), cit. 2. 11. 2020</subfield>
    <subfield code="b">datum narození</subfield>
  </datafield>
  <datafield tag="678" ind1="0" ind2=" ">
    <subfield code="a">Narozena 16. 2. 1968. Architektka, specialistka na rekonstrukce památkových objektů a dostavbu historických měst, též středoškolská učitelka.</subfield>
  </datafield>
  <datafield tag="906" ind1=" " ind2=" ">
    <subfield code="a">za20201102</subfield>
    <subfield code="b">jasc</subfield>
  </datafield>
</record>