

<record>
  <leader>     cz  a22     n  4500</leader>
  <controlfield tag="001">pna20201091163</controlfield>
  <controlfield tag="003">CZ PrNK</controlfield>
  <controlfield tag="005">20201103091743.0</controlfield>
  <controlfield tag="008">201102|n|aznnnaabn           n a|a      </controlfield>
  <datafield tag="040" ind1=" " ind2=" ">
    <subfield code="a">PNA001</subfield>
    <subfield code="b">cze</subfield>
    <subfield code="d">ABA001</subfield>
    <subfield code="e">rda</subfield>
  </datafield>
  <datafield tag="110" ind1="2" ind2=" ">
    <subfield code="a">Západočeská univerzita.</subfield>
    <subfield code="b">Georgiev Lab</subfield>
    <subfield code="7">pna20201091163</subfield>
  </datafield>
  <datafield tag="410" ind1="2" ind2=" ">
    <subfield code="a">Západočeská univerzita.</subfield>
    <subfield code="b">Cell Cybernetics Lab</subfield>
    <subfield code="0">o</subfield>
  </datafield>
  <datafield tag="410" ind1="2" ind2=" ">
    <subfield code="a">Západočeská univerzita.</subfield>
    <subfield code="b">Laboratoř syntetické biologie</subfield>
    <subfield code="2">czecze</subfield>
    <subfield code="0">o</subfield>
  </datafield>
  <datafield tag="410" ind1="2" ind2=" ">
    <subfield code="a">Západočeská univerzita.</subfield>
    <subfield code="b">Fakulta aplikovaných věd.</subfield>
    <subfield code="b">Katedra kybernetiky.</subfield>
    <subfield code="b">Georgiev Lab</subfield>
    <subfield code="0">o</subfield>
  </datafield>
  <datafield tag="670" ind1=" " ind2=" ">
    <subfield code="a">www (Georgiev Lab), cit. 2. 11. 2020</subfield>
    <subfield code="b">autoritní forma</subfield>
    <subfield code="u">http://ccy.zcu.cz/index.php/Projects</subfield>
  </datafield>
  <datafield tag="670" ind1=" " ind2=" ">
    <subfield code="a">Georgiev, Daniel: Kreativita je ve vědě důležitá. In: Plzeňský kraj, 18, 2020, č. 2, s. 10-11</subfield>
    <subfield code="b">odkaz viz</subfield>
  </datafield>
  <datafield tag="670" ind1=" " ind2=" ">
    <subfield code="a">www (Katedra kybernetiky ZČU), cit. 2. 11. 2020</subfield>
    <subfield code="b">odkaz viz</subfield>
  </datafield>
  <datafield tag="906" ind1=" " ind2=" ">
    <subfield code="a">za20201102</subfield>
    <subfield code="b">kali</subfield>
  </datafield>
  <datafield tag="906" ind1=" " ind2=" ">
    <subfield code="a">op20201103</subfield>
    <subfield code="b">svsv</subfield>
    <subfield code="c">Viz - oprava</subfield>
  </datafield>
</record>