

<record>
  <leader>     cz  a22     n  4500</leader>
  <controlfield tag="001">pna20201091175</controlfield>
  <controlfield tag="003">CZ PrNK</controlfield>
  <controlfield tag="005">20201103074042.0</controlfield>
  <controlfield tag="008">201102|n|aznnnaabn           n a|a      </controlfield>
  <datafield tag="040" ind1=" " ind2=" ">
    <subfield code="a">PNA001</subfield>
    <subfield code="b">cze</subfield>
    <subfield code="d">ABA001</subfield>
    <subfield code="e">rda</subfield>
  </datafield>
  <datafield tag="111" ind1="2" ind2=" ">
    <subfield code="a">Festival arabské kultury</subfield>
    <subfield code="d">(2020 :</subfield>
    <subfield code="c">Plzeň, Česko)</subfield>
    <subfield code="7">pna20201091175</subfield>
  </datafield>
  <datafield tag="368" ind1=" " ind2=" ">
    <subfield code="a">kulturní festivaly</subfield>
  </datafield>
  <datafield tag="370" ind1=" " ind2=" ">
    <subfield code="c">Česko</subfield>
    <subfield code="e">Plzeň, Česko</subfield>
  </datafield>
  <datafield tag="372" ind1=" " ind2=" ">
    <subfield code="a">arabská hudba</subfield>
    <subfield code="a">arabská jídla</subfield>
    <subfield code="a">kultura</subfield>
  </datafield>
  <datafield tag="377" ind1=" " ind2=" ">
    <subfield code="a">cze</subfield>
  </datafield>
  <datafield tag="411" ind1="2" ind2=" ">
    <subfield code="a">Arabfest (festival)</subfield>
    <subfield code="d">(2020 :</subfield>
    <subfield code="c">Plzeň, Česko)</subfield>
    <subfield code="0">o</subfield>
  </datafield>
  <datafield tag="511" ind1="2" ind2=" ">
    <subfield code="a">Festival arabské kultury</subfield>
    <subfield code="7">ko2017949698</subfield>
  </datafield>
  <datafield tag="670" ind1=" " ind2=" ">
    <subfield code="a">Arabfest letos naladíte přes internet. In: Plzeňský deník, [29], 2020, 16. 10., č. 242, s. 9</subfield>
    <subfield code="b">odkaz viz</subfield>
  </datafield>
  <datafield tag="680" ind1=" " ind2=" ">
    <subfield code="i">Toto záhlaví se používá pouze při monografickém zpracování publikace.</subfield>
  </datafield>
  <datafield tag="906" ind1=" " ind2=" ">
    <subfield code="a">za20201102</subfield>
    <subfield code="b">kali</subfield>
  </datafield>
  <datafield tag="906" ind1=" " ind2=" ">
    <subfield code="a">op20201103</subfield>
    <subfield code="b">svsv</subfield>
    <subfield code="c">Viz - oprava</subfield>
  </datafield>
</record>