

<record>
  <leader>     nz  a22     n  4500</leader>
  <controlfield tag="001">aun20201091190</controlfield>
  <controlfield tag="003">CZ PrNK</controlfield>
  <controlfield tag="005">20201102145309.0</controlfield>
  <controlfield tag="008">201102|n|aznnnaabn           n a|a      </controlfield>
  <datafield tag="040" ind1=" " ind2=" ">
    <subfield code="a">ABA001</subfield>
    <subfield code="b">cze</subfield>
    <subfield code="e">rda</subfield>
  </datafield>
  <datafield tag="100" ind1="1" ind2=" ">
    <subfield code="a">Grimod de La Reynière, Alexandre-Balthazar-Laurent,</subfield>
    <subfield code="d">1758-1837.</subfield>
    <subfield code="t">Almanach des gourmands</subfield>
    <subfield code="7">aun20201091190</subfield>
  </datafield>
  <datafield tag="667" ind1=" " ind2=" ">
    <subfield code="a">Úplný název: L'almanach des gourmands.</subfield>
  </datafield>
  <datafield tag="670" ind1=" " ind2=" ">
    <subfield code="a">BNF</subfield>
  </datafield>
  <datafield tag="670" ind1=" " ind2=" ">
    <subfield code="a">www(Wikipédia, l'encyclopédie libre)</subfield>
  </datafield>
  <datafield tag="670" ind1=" " ind2=" ">
    <subfield code="a">AG, l'almanach des gourmands : servant de guide dans les moyens de faire excellente chère : (12345678) / Alexandre Balthazar Laurent Grimod de La Reynière. [Chartres] : Menu Fretin, éditeur de gastronomie, 2014</subfield>
  </datafield>
  <datafield tag="678" ind1=" " ind2=" ">
    <subfield code="a">Gastronomický průvodce (1803-1812)</subfield>
  </datafield>
  <datafield tag="906" ind1=" " ind2=" ">
    <subfield code="a">br20201102</subfield>
    <subfield code="b">hape</subfield>
  </datafield>
  <datafield tag="906" ind1=" " ind2=" ">
    <subfield code="a">ks20201102</subfield>
    <subfield code="b">hape</subfield>
  </datafield>
</record>