

<record>
  <leader>     nz  a22     n  4500</leader>
  <controlfield tag="001">ko20201091199</controlfield>
  <controlfield tag="003">CZ PrNK</controlfield>
  <controlfield tag="005">20201103095157.0</controlfield>
  <controlfield tag="008">201102|n|aznnnaabn           n a|a      </controlfield>
  <datafield tag="040" ind1=" " ind2=" ">
    <subfield code="a">ABA001</subfield>
    <subfield code="b">cze</subfield>
    <subfield code="d">ABA001</subfield>
    <subfield code="e">rda</subfield>
  </datafield>
  <datafield tag="111" ind1="2" ind2=" ">
    <subfield code="a">Colloquium "Towards Universals of Tense and Aspect"</subfield>
    <subfield code="d">(2016 :</subfield>
    <subfield code="c">Brno, Česko)</subfield>
    <subfield code="7">ko20201091199</subfield>
  </datafield>
  <datafield tag="368" ind1=" " ind2=" ">
    <subfield code="a">kolokvia</subfield>
    <subfield code="a">mezinárodní konference</subfield>
  </datafield>
  <datafield tag="370" ind1=" " ind2=" ">
    <subfield code="c">Česko</subfield>
    <subfield code="e">Brno, Česko</subfield>
  </datafield>
  <datafield tag="372" ind1=" " ind2=" ">
    <subfield code="a">univerzálie (filozofie)</subfield>
    <subfield code="a">filozofické kategorie</subfield>
    <subfield code="a">mluvnické kategorie</subfield>
    <subfield code="a">mluvnický vid</subfield>
    <subfield code="a">mluvnický čas</subfield>
    <subfield code="a">indoevropské jazyky</subfield>
    <subfield code="a">čas</subfield>
  </datafield>
  <datafield tag="377" ind1=" " ind2=" ">
    <subfield code="a">eng</subfield>
  </datafield>
  <datafield tag="411" ind1="2" ind2=" ">
    <subfield code="a">International Colloquium "Towards Universals of Tense and Aspect"</subfield>
    <subfield code="d">(2016 :</subfield>
    <subfield code="c">Brno, Česko)</subfield>
    <subfield code="0">o</subfield>
  </datafield>
  <datafield tag="411" ind1="2" ind2=" ">
    <subfield code="a">Towards Universals of Tense and Aspect (kolokvium)</subfield>
    <subfield code="d">(2016 :</subfield>
    <subfield code="c">Brno, Česko)</subfield>
    <subfield code="0">o</subfield>
  </datafield>
  <datafield tag="411" ind1="2" ind2=" ">
    <subfield code="a">Kolokvium "Vstříc univerzáliích času a vidu"</subfield>
    <subfield code="d">(2016 :</subfield>
    <subfield code="c">Brno, Česko)</subfield>
    <subfield code="2">czecze</subfield>
    <subfield code="0">o</subfield>
  </datafield>
  <datafield tag="411" ind1="2" ind2=" ">
    <subfield code="a">Vstříc univerzáliích času a vidu (kolokvium)</subfield>
    <subfield code="d">(2016 :</subfield>
    <subfield code="c">Brno, Česko)</subfield>
    <subfield code="2">czecze</subfield>
    <subfield code="0">o</subfield>
  </datafield>
  <datafield tag="670" ind1=" " ind2=" ">
    <subfield code="a">Exploring universals of tense and aspect : proceedings of the colloquium at Masaryk University, Brno, 22-24 June 2016</subfield>
    <subfield code="b">odkaz viz</subfield>
  </datafield>
  <datafield tag="670" ind1=" " ind2=" ">
    <subfield code="a">DNB, cit. 2.11.2020</subfield>
    <subfield code="b">autoritní forma; odkazy viz</subfield>
  </datafield>
  <datafield tag="670" ind1=" " ind2=" ">
    <subfield code="a">www(Masarykova univerzita), cit. 2.11.2020</subfield>
    <subfield code="b">autoritní forma; odkazy viz</subfield>
    <subfield code="u">https://is.muni.cz/publication/1368214</subfield>
  </datafield>
  <datafield tag="675" ind1=" " ind2=" ">
    <subfield code="a">LC (Names), cit. 2.11.2020</subfield>
  </datafield>
  <datafield tag="906" ind1=" " ind2=" ">
    <subfield code="a">za20201102</subfield>
    <subfield code="b">klou</subfield>
  </datafield>
  <datafield tag="906" ind1=" " ind2=" ">
    <subfield code="a">vr20201103</subfield>
    <subfield code="b">svsv</subfield>
  </datafield>
</record>