

<record>
  <leader>     cz  a22     n  4500</leader>
  <datafield tag="900" ind1=" " ind2=" ">
    <subfield code="a">J-NÁVRH-STT</subfield>
  </datafield>
  <controlfield tag="001">ntk20201091210</controlfield>
  <controlfield tag="003">CZ PrNK</controlfield>
  <controlfield tag="005">20201104092600.0</controlfield>
  <controlfield tag="008">201102|n|aznnnaabn           n a|a      </controlfield>
  <datafield tag="024" ind1="7" ind2=" ">
    <subfield code="a">0000000394287008</subfield>
    <subfield code="2">isni</subfield>
  </datafield>
  <datafield tag="040" ind1=" " ind2=" ">
    <subfield code="a">ABA013</subfield>
    <subfield code="b">cze</subfield>
    <subfield code="e">rda</subfield>
  </datafield>
  <datafield tag="046" ind1=" " ind2=" ">
    <subfield code="f">1595</subfield>
    <subfield code="g">1669</subfield>
  </datafield>
  <datafield tag="100" ind1="1" ind2=" ">
    <subfield code="a">Paedts, Wilhelmus,</subfield>
    <subfield code="d">1595-1669</subfield>
    <subfield code="7">ntk20201091210</subfield>
  </datafield>
  <datafield tag="MOR" ind1="0" ind2=" ">
    <subfield code="a">Paedts, Wilhelmus,</subfield>
    <subfield code="d">činný 1656-1711</subfield>
    <subfield code="7">ntk20201091210</subfield>
  </datafield>
  <datafield tag="368" ind1=" " ind2=" ">
    <subfield code="d">J. U. D.</subfield>
  </datafield>
  <datafield tag="370" ind1=" " ind2=" ">
    <subfield code="c">Nizozemsko</subfield>
    <subfield code="f">Leiden, Nizozemsko</subfield>
  </datafield>
  <datafield tag="372" ind1=" " ind2=" ">
    <subfield code="a">právo</subfield>
    <subfield code="a">místní správa</subfield>
    <subfield code="a">lokální politika</subfield>
    <subfield code="a">univerzity</subfield>
  </datafield>
  <datafield tag="374" ind1=" " ind2=" ">
    <subfield code="a">právníci</subfield>
    <subfield code="a">senátoři</subfield>
    <subfield code="a">poradci</subfield>
  </datafield>
  <datafield tag="375" ind1=" " ind2=" ">
    <subfield code="a">muž</subfield>
  </datafield>
  <datafield tag="377" ind1=" " ind2=" ">
    <subfield code="a">lat</subfield>
  </datafield>
  <datafield tag="400" ind1="1" ind2=" ">
    <subfield code="a">Paedts, Guilielmus,</subfield>
    <subfield code="d">1595-1669</subfield>
    <subfield code="0">o</subfield>
  </datafield>
  <datafield tag="400" ind1="1" ind2=" ">
    <subfield code="a">Paedts, Gvilielmus,</subfield>
    <subfield code="d">1595-1669</subfield>
    <subfield code="0">o</subfield>
  </datafield>
  <datafield tag="400" ind1="1" ind2=" ">
    <subfield code="a">Paets, Guilhelmus,</subfield>
    <subfield code="d">1595-1669</subfield>
    <subfield code="0">o</subfield>
  </datafield>
  <datafield tag="400" ind1="1" ind2=" ">
    <subfield code="a">Paedts, Willem,</subfield>
    <subfield code="d">1595-1669</subfield>
    <subfield code="0">o</subfield>
  </datafield>
  <datafield tag="670" ind1=" " ind2=" ">
    <subfield code="a">FRANCISCI à SCHOOTEN LEYDENSIS, ..., EXERCITATIONVM MATHEMATICARUM LIBRI QUINQUE. LVGD. BATAV.: Ex officina JOHANNIS ELSEVIRII, Academiæ Typographi, 1656-1657. [Dedikace]: ... D. GVILIELMO PAEDTS, JC Rhenolandiæ Consiliario</subfield>
    <subfield code="b">odkaz viz (na s. 114)</subfield>
    <subfield code="u">http://books.google.com/books?vid=KBNL:KBNLB810027444</subfield>
  </datafield>
  <datafield tag="670" ind1=" " ind2=" ">
    <subfield code="a">KB - NBN, cit. 8. 10. 2020</subfield>
    <subfield code="b">autoritní forma</subfield>
    <subfield code="u">https://opc-kb.oclc.org/DB=1/XMLPRS=Y/PPN?PPN=159496063</subfield>
  </datafield>
  <datafield tag="670" ind1=" " ind2=" ">
    <subfield code="a">www(STCN), cit. 2. 11. 2020</subfield>
    <subfield code="b">autoritní forma, identifikátor ISNI</subfield>
    <subfield code="u">https://picarta.oclc.org/psi/DB=3.11/XMLPRS=Y/PPN?PPN=159496063</subfield>
  </datafield>
  <datafield tag="670" ind1=" " ind2=" ">
    <subfield code="a">Sluijter, R. G. M. 'Tot ciraet, vermeerderinge ende heerlyckmaeckinge der universiteyt': bestuur, instellingen, personeel en financiën van de Leidse universiteit, 1575-1812. Hilversum: Verloren, 2004. ISBN 90-6550-754-X</subfield>
    <subfield code="b">odkaz viz, datum narození a úmrtí, profese (Paedts Willem (1595-1669) Burgmeester van Leiden) na s. 339 (Index op persoonsnamen)</subfield>
    <subfield code="u">https://books.google.cz/books?id=DfK4_OE0YcgC</subfield>
  </datafield>
  <datafield tag="678" ind1="0" ind2=" ">
    <subfield code="a">Nizozemský právník, politik, senátor a starosta města Leiden. Byl také v roli kurátora Leidenské univerzity. V publikacích 17. století je uváděn také v roli dedikanta.</subfield>
  </datafield>
  <datafield tag="906" ind1=" " ind2=" ">
    <subfield code="a">za20201102</subfield>
    <subfield code="b">evbr</subfield>
  </datafield>
  <datafield tag="906" ind1=" " ind2=" ">
    <subfield code="a">oz20201104</subfield>
    <subfield code="b">evbr</subfield>
  </datafield>
</record>