

<record>
  <leader>     cz  a22     n  4500</leader>
  <controlfield tag="001">xx0253482</controlfield>
  <controlfield tag="003">CZ PrNK</controlfield>
  <controlfield tag="005">20201104102850.0</controlfield>
  <controlfield tag="008">201102|n|aznnnaabn           n a|a      </controlfield>
  <datafield tag="040" ind1=" " ind2=" ">
    <subfield code="a">OLD012</subfield>
    <subfield code="b">cze</subfield>
    <subfield code="d">ABA001</subfield>
    <subfield code="e">rda</subfield>
  </datafield>
  <datafield tag="100" ind1="1" ind2=" ">
    <subfield code="a">Mello-Wolter, Ruth</subfield>
    <subfield code="7">xx0253482</subfield>
  </datafield>
  <datafield tag="368" ind1=" " ind2=" ">
    <subfield code="d">Dr.</subfield>
  </datafield>
  <datafield tag="370" ind1=" " ind2=" ">
    <subfield code="c">Paraguay</subfield>
    <subfield code="c">Německo</subfield>
  </datafield>
  <datafield tag="372" ind1=" " ind2=" ">
    <subfield code="a">lingvistika</subfield>
    <subfield code="a">španělština</subfield>
    <subfield code="a">jazyková výuka</subfield>
    <subfield code="a">jazykové školy</subfield>
  </datafield>
  <datafield tag="374" ind1=" " ind2=" ">
    <subfield code="a">lingvistky</subfield>
    <subfield code="a">učitelky</subfield>
    <subfield code="a">lektorky (vzdělávání)</subfield>
  </datafield>
  <datafield tag="375" ind1=" " ind2=" ">
    <subfield code="a">žena</subfield>
  </datafield>
  <datafield tag="377" ind1=" " ind2=" ">
    <subfield code="a">spa</subfield>
  </datafield>
  <datafield tag="400" ind1="1" ind2=" ">
    <subfield code="a">Mello-Wolter, Ruth Mariela</subfield>
    <subfield code="0">o</subfield>
  </datafield>
  <datafield tag="400" ind1="1" ind2=" ">
    <subfield code="a">Wolter, Ruth Mariela Mello-</subfield>
    <subfield code="0">o</subfield>
  </datafield>
  <datafield tag="670" ind1=" " ind2=" ">
    <subfield code="a">Thun, Harald ... et al. (eds): Atlas lingüístico guaraní-románico. T. II, Léxico del parentesco (exploradores: Almidio Aquino, Ruth Mello-Wolter ... et al.), 2015</subfield>
    <subfield code="b">autoritní forma</subfield>
  </datafield>
  <datafield tag="670" ind1=" " ind2=" ">
    <subfield code="a">www(Ruth Mariela Mello-Wolter. In: Linkedln), cit. 4. 11. 2020</subfield>
    <subfield code="b">biografické údaje, odkazy viz</subfield>
  </datafield>
  <datafield tag="670" ind1=" " ind2=" ">
    <subfield code="a">www(Mi Escuela Berlin), cit. 30. 10. 2020</subfield>
    <subfield code="b">biografické údaje</subfield>
  </datafield>
  <datafield tag="675" ind1=" " ind2=" ">
    <subfield code="a">DNB, cit. 30. 10. 2020</subfield>
  </datafield>
  <datafield tag="678" ind1="0" ind2=" ">
    <subfield code="a">Lingvistka, lektorka španělštiny, majitelka jazykové školy Mi Escuela Berlin v Německu.</subfield>
  </datafield>
  <datafield tag="906" ind1=" " ind2=" ">
    <subfield code="a">za20201102</subfield>
    <subfield code="b">xletr</subfield>
  </datafield>
  <datafield tag="906" ind1=" " ind2=" ">
    <subfield code="a">op20201104</subfield>
    <subfield code="b">beba</subfield>
    <subfield code="c">368 nově; 370c, 372a, 374a další výskyt; 670a aktualizace, doplnění; 678 oprava, doplnění</subfield>
  </datafield>
</record>