

<record>
  <leader>     nz  a22     n  4500</leader>
  <datafield tag="900" ind1=" " ind2=" ">
    <subfield code="a">*J-NÁVRH</subfield>
  </datafield>
  <controlfield tag="001">mzk20201091242</controlfield>
  <controlfield tag="003">CZ PrNK</controlfield>
  <controlfield tag="005">20201103080216.0</controlfield>
  <controlfield tag="008">201103|n|aznnnaabn           n a|a      </controlfield>
  <datafield tag="024" ind1="7" ind2=" ">
    <subfield code="a">Q1223866</subfield>
    <subfield code="2">wikidata</subfield>
  </datafield>
  <datafield tag="024" ind1="7" ind2=" ">
    <subfield code="a">0000000116460296</subfield>
    <subfield code="2">isni</subfield>
  </datafield>
  <datafield tag="040" ind1=" " ind2=" ">
    <subfield code="a">BOA001</subfield>
    <subfield code="b">cze</subfield>
    <subfield code="e">rda</subfield>
  </datafield>
  <datafield tag="046" ind1=" " ind2=" ">
    <subfield code="f">1925</subfield>
    <subfield code="g">2004</subfield>
  </datafield>
  <datafield tag="100" ind1="1" ind2=" ">
    <subfield code="a">Fewson, Dietrich,</subfield>
    <subfield code="d">1925-2004</subfield>
    <subfield code="7">mzk20201091242</subfield>
  </datafield>
  <datafield tag="370" ind1=" " ind2=" ">
    <subfield code="c">Německo</subfield>
  </datafield>
  <datafield tag="372" ind1=" " ind2=" ">
    <subfield code="a">genetika živočichů</subfield>
    <subfield code="a">agronomie</subfield>
    <subfield code="a">šlechtění hospodářských zvířat</subfield>
  </datafield>
  <datafield tag="374" ind1=" " ind2=" ">
    <subfield code="a">agronomové</subfield>
    <subfield code="a">genetici</subfield>
    <subfield code="a">chovatelé hospodářských zvířat</subfield>
    <subfield code="a">vysokoškolští učitelé</subfield>
  </datafield>
  <datafield tag="375" ind1=" " ind2=" ">
    <subfield code="a">muž</subfield>
  </datafield>
  <datafield tag="377" ind1=" " ind2=" ">
    <subfield code="a">ger</subfield>
  </datafield>
  <datafield tag="400" ind1="1" ind2=" ">
    <subfield code="a">Fewson, Dietrich Karl Ernst,</subfield>
    <subfield code="d">1925-2004</subfield>
    <subfield code="0">o</subfield>
  </datafield>
  <datafield tag="670" ind1=" " ind2=" ">
    <subfield code="a">Fewson, Dietrich: Základy plemenářského plánování v chovu prasat k využití speciálních kombinačních schopností chovných linií, 1967</subfield>
  </datafield>
  <datafield tag="670" ind1=" " ind2=" ">
    <subfield code="a">DNB, cit. 3. 11. 2020</subfield>
    <subfield code="b">autoritní forma, odkaz viz, biografické údaje, rok a místo narození, rok a místo úmrtí</subfield>
  </datafield>
  <datafield tag="670" ind1=" " ind2=" ">
    <subfield code="a">www(Wikipedia, die freie Enzyklopädie), cit. 3. 11. 2020</subfield>
    <subfield code="b">biografické údaje, rok a místo narození, rok a místo úmrtí</subfield>
    <subfield code="u">https://de.wikipedia.org/wiki/Dietrich_Karl_Ernst_Fewson</subfield>
  </datafield>
  <datafield tag="678" ind1="0" ind2=" ">
    <subfield code="a">Německý agronom, genetik, chovatel hospodářských zvířat a vysokoškolský učitel. Narozen v Polsku.</subfield>
  </datafield>
  <datafield tag="906" ind1=" " ind2=" ">
    <subfield code="a">za20201103</subfield>
    <subfield code="b">basiil</subfield>
  </datafield>
</record>