

<record>
  <leader>     nz  a22     n  4500</leader>
  <controlfield tag="001">xx0253506</controlfield>
  <controlfield tag="003">CZ PrNK</controlfield>
  <controlfield tag="005">20201104051350.0</controlfield>
  <controlfield tag="008">201103|n|aznnnaabn           n a|a      </controlfield>
  <datafield tag="040" ind1=" " ind2=" ">
    <subfield code="a">ABA008</subfield>
    <subfield code="b">cze</subfield>
    <subfield code="d">ABA001</subfield>
    <subfield code="e">rda</subfield>
  </datafield>
  <datafield tag="100" ind1="1" ind2=" ">
    <subfield code="a">Bílková-Fránková, Hana</subfield>
    <subfield code="7">xx0253506</subfield>
  </datafield>
  <datafield tag="368" ind1=" " ind2=" ">
    <subfield code="d">Mgr.</subfield>
    <subfield code="d">MBA</subfield>
  </datafield>
  <datafield tag="370" ind1=" " ind2=" ">
    <subfield code="c">Česko</subfield>
  </datafield>
  <datafield tag="372" ind1=" " ind2=" ">
    <subfield code="a">mikrobiologie</subfield>
    <subfield code="a">laboratorní diagnostika</subfield>
  </datafield>
  <datafield tag="375" ind1=" " ind2=" ">
    <subfield code="a">žena</subfield>
  </datafield>
  <datafield tag="377" ind1=" " ind2=" ">
    <subfield code="a">cze</subfield>
  </datafield>
  <datafield tag="400" ind1="1" ind2=" ">
    <subfield code="a">Fránková, Hana</subfield>
    <subfield code="0">o</subfield>
  </datafield>
  <datafield tag="670" ind1=" " ind2=" ">
    <subfield code="a">Bílková-Fránková Hana... et al.: Víceúčelový sérologický přehled, Praha, 2014</subfield>
    <subfield code="b">autoritní forma, pracoviště</subfield>
  </datafield>
  <datafield tag="670" ind1=" " ind2=" ">
    <subfield code="a">Fránková, Hana: Zkušenosti s diagnostikou Human Papillomavirů. Slezské dny preventivní medicíny, 2002, roč. 2, s. nestr.</subfield>
    <subfield code="b">odkaz viz, další pracoviště</subfield>
  </datafield>
  <datafield tag="670" ind1=" " ind2=" ">
    <subfield code="a">www(AGELLAB), cit. 3. 11. 2020</subfield>
    <subfield code="b">titul Mgr., MBA, další pracoviště</subfield>
  </datafield>
  <datafield tag="678" ind1="0" ind2=" ">
    <subfield code="a">Mgr., MBA, publikace v oboru mikrobiologie a laboratorní diagnostika (Laboratoř klinické mikrobiologie, Laboratoře AGEL a.s., Ostrava; Zdravotní ústav se sídlem v Ostravě, Ostrava; Okresní hygienická stanice, Karviná).</subfield>
  </datafield>
  <datafield tag="906" ind1=" " ind2=" ">
    <subfield code="a">za20201103</subfield>
    <subfield code="b">xdapi</subfield>
  </datafield>
  <datafield tag="906" ind1=" " ind2=" ">
    <subfield code="a">fr20201104</subfield>
    <subfield code="b">lisi</subfield>
  </datafield>
</record>