

<record>
  <leader>     nz  a22     n  4500</leader>
  <controlfield tag="001">jo20201091264</controlfield>
  <controlfield tag="003">CZ PrNK</controlfield>
  <controlfield tag="005">20201103103751.0</controlfield>
  <controlfield tag="008">201103|n|aznnnaabn           n a|a      </controlfield>
  <datafield tag="024" ind1="7" ind2=" ">
    <subfield code="a">0000000032350823</subfield>
    <subfield code="2">isni</subfield>
  </datafield>
  <datafield tag="040" ind1=" " ind2=" ">
    <subfield code="a">ABA001</subfield>
    <subfield code="b">cze</subfield>
    <subfield code="e">rda</subfield>
  </datafield>
  <datafield tag="046" ind1=" " ind2=" ">
    <subfield code="f">1109</subfield>
    <subfield code="g">1185</subfield>
  </datafield>
  <datafield tag="100" ind1="0" ind2=" ">
    <subfield code="a">Alfonso</subfield>
    <subfield code="b">I.,</subfield>
    <subfield code="c">portugalský král,</subfield>
    <subfield code="d">asi 1109-1185</subfield>
    <subfield code="7">jo20201091264</subfield>
  </datafield>
  <datafield tag="368" ind1=" " ind2=" ">
    <subfield code="d">Rei de Portugal</subfield>
    <subfield code="s">1140/1143</subfield>
    <subfield code="t">1185</subfield>
  </datafield>
  <datafield tag="370" ind1=" " ind2=" ">
    <subfield code="c">Portugalsko</subfield>
  </datafield>
  <datafield tag="374" ind1=" " ind2=" ">
    <subfield code="a">panovníci</subfield>
  </datafield>
  <datafield tag="375" ind1=" " ind2=" ">
    <subfield code="a">muž</subfield>
  </datafield>
  <datafield tag="400" ind1="0" ind2=" ">
    <subfield code="a">Afonso Henriques,</subfield>
    <subfield code="c">Rei de Portugal,</subfield>
    <subfield code="d">asi 1109-1185</subfield>
    <subfield code="0">o</subfield>
  </datafield>
  <datafield tag="400" ind1="0" ind2=" ">
    <subfield code="a">Alfons</subfield>
    <subfield code="b">I.,</subfield>
    <subfield code="c">portugalský král,</subfield>
    <subfield code="d">asi 1109-1185</subfield>
    <subfield code="0">o</subfield>
  </datafield>
  <datafield tag="400" ind1="0" ind2=" ">
    <subfield code="a">Alfonso</subfield>
    <subfield code="b">I.,</subfield>
    <subfield code="c">Dobyvatel,</subfield>
    <subfield code="d">asi 1109-1185</subfield>
    <subfield code="0">o</subfield>
  </datafield>
  <datafield tag="400" ind1="0" ind2=" ">
    <subfield code="a">Alfonso</subfield>
    <subfield code="b">I.,</subfield>
    <subfield code="c">el Conquistador,</subfield>
    <subfield code="d">asi 1109-1185</subfield>
    <subfield code="0">o</subfield>
  </datafield>
  <datafield tag="400" ind1="0" ind2=" ">
    <subfield code="a">Alfonso</subfield>
    <subfield code="b">I.,</subfield>
    <subfield code="c">Rei de Portugal,</subfield>
    <subfield code="d">asi 1109-1185</subfield>
    <subfield code="0">o</subfield>
  </datafield>
  <datafield tag="670" ind1=" " ind2=" ">
    <subfield code="a">Diogo Freitas do Amaral: D. Afonso Henriques : biografia, 2018</subfield>
  </datafield>
  <datafield tag="670" ind1=" " ind2=" ">
    <subfield code="a">BNP, cit. 3. 11. 2020</subfield>
    <subfield code="b">odkaz viz, data</subfield>
  </datafield>
  <datafield tag="670" ind1=" " ind2=" ">
    <subfield code="a">www(Wikipedie, otevřená encyklopedie), cit. 3. 11. 2020</subfield>
    <subfield code="b">data, biografické údaje, viz</subfield>
    <subfield code="u">https://cs.wikipedia.org/wiki/Alfons_I._Portugalsk%C3%BD</subfield>
  </datafield>
  <datafield tag="670" ind1=" " ind2=" ">
    <subfield code="a">Drška, Václav... [et al.]: Encyklopedie osobností Evropy od starověku do současnosti, 1993</subfield>
    <subfield code="b">autoritní forma</subfield>
  </datafield>
  <datafield tag="678" ind1="0" ind2=" ">
    <subfield code="a">Portugalský král.</subfield>
  </datafield>
  <datafield tag="906" ind1=" " ind2=" ">
    <subfield code="a">br20201103</subfield>
    <subfield code="b">maku</subfield>
  </datafield>
</record>