

<record>
  <leader>     nz  a22     n  4500</leader>
  <datafield tag="900" ind1=" " ind2=" ">
    <subfield code="a">J-NÁVRH-STT</subfield>
  </datafield>
  <controlfield tag="001">ntk20201091268</controlfield>
  <controlfield tag="003">CZ PrNK</controlfield>
  <controlfield tag="005">20201103110536.0</controlfield>
  <controlfield tag="008">201103|n|aznnnaabn           n a|a      </controlfield>
  <datafield tag="024" ind1="7" ind2=" ">
    <subfield code="a">000000000171150X</subfield>
    <subfield code="2">isni</subfield>
  </datafield>
  <datafield tag="024" ind1="7" ind2=" ">
    <subfield code="a">Q1759285</subfield>
    <subfield code="2">wikidata</subfield>
  </datafield>
  <datafield tag="040" ind1=" " ind2=" ">
    <subfield code="a">ABA013</subfield>
    <subfield code="b">cze</subfield>
    <subfield code="e">rda</subfield>
  </datafield>
  <datafield tag="046" ind1=" " ind2=" ">
    <subfield code="f">1601</subfield>
    <subfield code="g">1662</subfield>
  </datafield>
  <datafield tag="100" ind1="1" ind2=" ">
    <subfield code="a">Chanut, Pierre,</subfield>
    <subfield code="d">1601-1662</subfield>
    <subfield code="7">ntk20201091268</subfield>
  </datafield>
  <datafield tag="370" ind1=" " ind2=" ">
    <subfield code="a">Riom, Francie</subfield>
    <subfield code="b">Livry-sur-Seine, Francie</subfield>
    <subfield code="c">Francie</subfield>
  </datafield>
  <datafield tag="372" ind1=" " ind2=" ">
    <subfield code="a">státní správa</subfield>
    <subfield code="a">politika</subfield>
    <subfield code="a">diplomacie</subfield>
  </datafield>
  <datafield tag="374" ind1=" " ind2=" ">
    <subfield code="a">státní úředníci</subfield>
    <subfield code="a">diplomaté</subfield>
    <subfield code="a">velvyslanci</subfield>
    <subfield code="a">poradci</subfield>
  </datafield>
  <datafield tag="375" ind1=" " ind2=" ">
    <subfield code="a">muž</subfield>
  </datafield>
  <datafield tag="377" ind1=" " ind2=" ">
    <subfield code="a">fre</subfield>
    <subfield code="a">lat</subfield>
  </datafield>
  <datafield tag="400" ind1="1" ind2=" ">
    <subfield code="a">Chanutus, Petrus,</subfield>
    <subfield code="d">1601-1662</subfield>
    <subfield code="0">o</subfield>
  </datafield>
  <datafield tag="400" ind1="1" ind2=" ">
    <subfield code="a">Chanut, Pierre-Hector,</subfield>
    <subfield code="d">1601-1662</subfield>
    <subfield code="0">o</subfield>
  </datafield>
  <datafield tag="400" ind1="1" ind2=" ">
    <subfield code="a">Chanut, Hector Pierre,</subfield>
    <subfield code="d">1601-1662</subfield>
    <subfield code="0">o</subfield>
  </datafield>
  <datafield tag="400" ind1="1" ind2=" ">
    <subfield code="a">Chanut, Petrus.,</subfield>
    <subfield code="d">1601-1662</subfield>
    <subfield code="0">o</subfield>
  </datafield>
  <datafield tag="400" ind1="1" ind2=" ">
    <subfield code="a">Chanut,</subfield>
    <subfield code="c">Sieur de Bisches,</subfield>
    <subfield code="d">1601-1662</subfield>
    <subfield code="0">o</subfield>
  </datafield>
  <datafield tag="400" ind1="1" ind2=" ">
    <subfield code="a">Chanut,</subfield>
    <subfield code="d">1601-1662</subfield>
    <subfield code="0">o</subfield>
  </datafield>
  <datafield tag="667" ind1=" " ind2=" ">
    <subfield code="a">https://catalogue.bnf.fr/ark:/12148/cb13007929g.</subfield>
  </datafield>
  <datafield tag="670" ind1=" " ind2=" ">
    <subfield code="a">FRANCISCI à SCHOOTEN LEYDENSIS, ..., EXERCITATIONVM MATHEMATICARUM LIBRI QUINQUE. LVGD. BATAV.: Ex officina JOHANNIS ELSEVIRII, Academiæ Typographi, 1656-1657. [Dedikace]: ... Dno. PETRO CHANUTO ...</subfield>
    <subfield code="b">odkaz viz (na s. 193)</subfield>
    <subfield code="u">http://books.google.com/books?vid=KBNL:KBNLB810027444</subfield>
  </datafield>
  <datafield tag="670" ind1=" " ind2=" ">
    <subfield code="a">BNF, cit. 3. 11. 2020</subfield>
    <subfield code="b">autoritní forma, datum a místo narození a úmrtí</subfield>
    <subfield code="u">https://catalogue.bnf.fr/ark:/12148/cb13007929g</subfield>
  </datafield>
  <datafield tag="670" ind1=" " ind2=" ">
    <subfield code="a">www(Wikipédia, L'Encyclopédie libre), cit. 3. 11. 2020</subfield>
    <subfield code="b">biografické a profesní údaje</subfield>
    <subfield code="u">https://fr.wikipedia.org/wiki/Pierre_Chanut</subfield>
  </datafield>
  <datafield tag="678" ind1="0" ind2=" ">
    <subfield code="a">Francouzský státní úředník a diplomat. Byl velvyslancem Francie ve Švédsku a Německu (1649-1653) a v Nizozemsku (1653). V letech 1645-1649 pobýval na švédském královském dvoře a poradil tehdy vládnoucí královně Kristině Švédské, aby přivedla Reného Descarta do Švédska. V publikacích 17. století bývá uveden také jako dedikant.</subfield>
  </datafield>
  <datafield tag="906" ind1=" " ind2=" ">
    <subfield code="a">za20201103</subfield>
    <subfield code="b">evbr</subfield>
  </datafield>
  <datafield tag="906" ind1=" " ind2=" ">
    <subfield code="a">ko20201103</subfield>
    <subfield code="b">evbr</subfield>
  </datafield>
</record>