

<record>
  <leader>     nz  a22     n  4500</leader>
  <datafield tag="900" ind1=" " ind2=" ">
    <subfield code="a">J-NÁVRH-STT</subfield>
  </datafield>
  <controlfield tag="001">ntk20201091278</controlfield>
  <controlfield tag="003">CZ PrNK</controlfield>
  <controlfield tag="005">20201103105914.0</controlfield>
  <controlfield tag="008">201103|n|aznnnaabn           n a|a      </controlfield>
  <datafield tag="024" ind1="7" ind2=" ">
    <subfield code="a">0000000391252520</subfield>
    <subfield code="2">isni</subfield>
  </datafield>
  <datafield tag="024" ind1="7" ind2=" ">
    <subfield code="a">Q1987609</subfield>
    <subfield code="2">wikidata</subfield>
  </datafield>
  <datafield tag="040" ind1=" " ind2=" ">
    <subfield code="a">ABA013</subfield>
    <subfield code="b">cze</subfield>
    <subfield code="e">rda</subfield>
  </datafield>
  <datafield tag="046" ind1=" " ind2=" ">
    <subfield code="f">1602</subfield>
    <subfield code="g">1649</subfield>
  </datafield>
  <datafield tag="100" ind1="1" ind2=" ">
    <subfield code="a">Walbeeck, Johannes,</subfield>
    <subfield code="d">1602-1649</subfield>
    <subfield code="7">ntk20201091278</subfield>
  </datafield>
  <datafield tag="368" ind1=" " ind2=" ">
    <subfield code="d">Admiral</subfield>
  </datafield>
  <datafield tag="370" ind1=" " ind2=" ">
    <subfield code="a">Amsterdam, Nizozemsko</subfield>
    <subfield code="c">Nizozemsko</subfield>
    <subfield code="f">Amsterdam, Nizozemsko</subfield>
    <subfield code="f">Leiden, Nizozemsko</subfield>
  </datafield>
  <datafield tag="372" ind1=" " ind2=" ">
    <subfield code="a">mořeplavectví</subfield>
    <subfield code="a">objevné cesty</subfield>
    <subfield code="a">námořní výpravy</subfield>
    <subfield code="a">politika</subfield>
  </datafield>
  <datafield tag="373" ind1=" " ind2=" ">
    <subfield code="a">West-Indische Compagnie (Nizozemsko)</subfield>
    <subfield code="s">1629</subfield>
  </datafield>
  <datafield tag="374" ind1=" " ind2=" ">
    <subfield code="a">mořeplavci</subfield>
    <subfield code="a">kartografové</subfield>
    <subfield code="a">politici</subfield>
    <subfield code="a">admirálové</subfield>
    <subfield code="a">státní úředníci</subfield>
  </datafield>
  <datafield tag="375" ind1=" " ind2=" ">
    <subfield code="a">muž</subfield>
  </datafield>
  <datafield tag="377" ind1=" " ind2=" ">
    <subfield code="a">dut</subfield>
    <subfield code="a">ger</subfield>
  </datafield>
  <datafield tag="400" ind1="1" ind2=" ">
    <subfield code="a">Walbeeck, Johannes van,</subfield>
    <subfield code="d">1602-1649</subfield>
    <subfield code="0">o</subfield>
  </datafield>
  <datafield tag="400" ind1="1" ind2=" ">
    <subfield code="a">Walbeeck, Johan van,</subfield>
    <subfield code="d">1602-1649</subfield>
    <subfield code="0">o</subfield>
  </datafield>
  <datafield tag="400" ind1="1" ind2=" ">
    <subfield code="a">Van Walbeeck, Johannes,</subfield>
    <subfield code="d">1602-1649</subfield>
    <subfield code="0">o</subfield>
  </datafield>
  <datafield tag="400" ind1="1" ind2=" ">
    <subfield code="a">Walbeeck, Iohannis,</subfield>
    <subfield code="d">1602-1649</subfield>
    <subfield code="0">o</subfield>
  </datafield>
  <datafield tag="670" ind1=" " ind2=" ">
    <subfield code="a">FRANCISCI à SCHOOTEN LEYDENSIS, ..., EXERCITATIONVM MATHEMATICARUM LIBRI QUINQUE. LVGD. BATAV.: Ex officina JOHANNIS ELSEVIRII, Academiæ Typographi, 1656-1657. [Dedikace]: ... Dno IOHANNI WALBEECK, ...</subfield>
    <subfield code="b">odkaz viz (na s. 371)</subfield>
    <subfield code="u">http://books.google.com/books?vid=KBNL:KBNLB810027444</subfield>
  </datafield>
  <datafield tag="670" ind1=" " ind2=" ">
    <subfield code="a">KB - NBN, cit. 3. 11. 2020</subfield>
    <subfield code="b">autoritní forma, odkaz viz</subfield>
    <subfield code="u">https://opc-kb.oclc.org/DB=1/XMLPRS=Y/PPN?PPN=069754632</subfield>
  </datafield>
  <datafield tag="670" ind1=" " ind2=" ">
    <subfield code="a">www(KB - NBN, Linked Data Cloud: Walbeeck, Johannes (eerste helft 17e eeuw)), cit. 3. 11. 2020</subfield>
    <subfield code="b">místo narození a úmrtí, biografická a profesní data</subfield>
    <subfield code="u">https://data.bibliotheken.nl/doc/thes/p069754632</subfield>
  </datafield>
  <datafield tag="670" ind1=" " ind2=" ">
    <subfield code="a">www(Wikipedia, De vrije encyclopedie), cit. 3. 11. 2020</subfield>
    <subfield code="b">datum a místo narození, datum úmrtí, biografické a profesní údaje</subfield>
    <subfield code="u">https://nl.wikipedia.org/wiki/Johannes_van_Walbeeck</subfield>
  </datafield>
  <datafield tag="678" ind1="0" ind2=" ">
    <subfield code="a">Nizozemský cestovatel, mořeplavec, kartograf, od roku 1629 admirál Nizozemské západoindické společnosti a první guvernér Nizozemských Antil. V publikacích 17. století bývá uveden jako dedikant.</subfield>
  </datafield>
  <datafield tag="906" ind1=" " ind2=" ">
    <subfield code="a">za20201103</subfield>
    <subfield code="b">evbr</subfield>
  </datafield>
  <datafield tag="906" ind1=" " ind2=" ">
    <subfield code="a">ko20201103</subfield>
    <subfield code="b">evbr</subfield>
  </datafield>
</record>