

<record>
  <leader>     nz  a22     n  4500</leader>
  <datafield tag="900" ind1=" " ind2=" ">
    <subfield code="a">*J-NÁVRH</subfield>
  </datafield>
  <controlfield tag="001">mzk20201091280</controlfield>
  <controlfield tag="003">CZ PrNK</controlfield>
  <controlfield tag="005">20201103110521.0</controlfield>
  <controlfield tag="008">201103|n|aznnnaabn           n a|a      </controlfield>
  <datafield tag="024" ind1="7" ind2=" ">
    <subfield code="a">0000000036720086</subfield>
    <subfield code="2">isni</subfield>
  </datafield>
  <datafield tag="040" ind1=" " ind2=" ">
    <subfield code="a">BOA001</subfield>
    <subfield code="b">cze</subfield>
    <subfield code="e">rda</subfield>
  </datafield>
  <datafield tag="046" ind1=" " ind2=" ">
    <subfield code="f">1971</subfield>
  </datafield>
  <datafield tag="100" ind1="1" ind2=" ">
    <subfield code="a">Čížiková, Zuzana,</subfield>
    <subfield code="d">1971-</subfield>
    <subfield code="7">mzk20201091280</subfield>
  </datafield>
  <datafield tag="370" ind1=" " ind2=" ">
    <subfield code="a">Padina, Srbsko</subfield>
    <subfield code="c">Srbsko</subfield>
    <subfield code="f">Vojvodina, Srbsko</subfield>
    <subfield code="f">Kovačica, Srbsko</subfield>
    <subfield code="f">Novi Sad, Srbsko</subfield>
    <subfield code="f">Bělehrad, Srbsko</subfield>
  </datafield>
  <datafield tag="372" ind1=" " ind2=" ">
    <subfield code="a">slovenská filologie</subfield>
    <subfield code="a">literární věda</subfield>
    <subfield code="a">literární kritika</subfield>
    <subfield code="a">slovenská literatura</subfield>
    <subfield code="a">menšinová literatura</subfield>
    <subfield code="a">slovakistika</subfield>
    <subfield code="a">slavistika</subfield>
  </datafield>
  <datafield tag="374" ind1=" " ind2=" ">
    <subfield code="a">literární vědkyně</subfield>
    <subfield code="a">literární kritičky</subfield>
    <subfield code="a">slovakistky</subfield>
    <subfield code="a">vysokoškolské učitelky</subfield>
  </datafield>
  <datafield tag="375" ind1=" " ind2=" ">
    <subfield code="a">žena</subfield>
  </datafield>
  <datafield tag="377" ind1=" " ind2=" ">
    <subfield code="a">slo</subfield>
  </datafield>
  <datafield tag="400" ind1="1" ind2=" ">
    <subfield code="a">Čižiková, Zuzana,</subfield>
    <subfield code="d">1971-</subfield>
    <subfield code="0">o</subfield>
  </datafield>
  <datafield tag="667" ind1=" " ind2=" ">
    <subfield code="a">COBISS.SR uvádí dvě rovnocená záhlaví: Čížiková, Zuzana v latince a Čižiková, Zuzana v azbuce.</subfield>
  </datafield>
  <datafield tag="670" ind1=" " ind2=" ">
    <subfield code="a">Čížiková, Zuzana: K otázke česko-slovenskej vzájomnosti u Jána Čajaka. In: Slavica litteraria. Roč. 22, 2019, č. 2, s. 69-80</subfield>
  </datafield>
  <datafield tag="670" ind1=" " ind2=" ">
    <subfield code="a">COBISS.SR, cit. 3. 11. 2020</subfield>
    <subfield code="b">autoritní forma; odkaz viz; biografické údaje; datum narození</subfield>
  </datafield>
  <datafield tag="670" ind1=" " ind2=" ">
    <subfield code="a">SNK, cit. 3. 11. 2020</subfield>
    <subfield code="b">biografické údaje; datum narození</subfield>
  </datafield>
  <datafield tag="670" ind1=" " ind2=" ">
    <subfield code="a">www(Ústav pre kultúru vojvodinských Slovákov - Osobnosti - Zuzana Čížiková), cit. 3. 11. 2020</subfield>
    <subfield code="b">biografické údaje; datum narození</subfield>
    <subfield code="u">https://www.slovackizavod.org.rs/licnosti/16315</subfield>
  </datafield>
  <datafield tag="678" ind1="0" ind2=" ">
    <subfield code="a">Literární vědkyně a kritička slovenského původu, narodila se a žije v Srbsku.</subfield>
  </datafield>
  <datafield tag="906" ind1=" " ind2=" ">
    <subfield code="a">za20201103</subfield>
    <subfield code="b">kmonev</subfield>
  </datafield>
</record>