

<record>
  <leader>     nz  a22     n  4500</leader>
  <controlfield tag="001">jo20201091292</controlfield>
  <controlfield tag="003">CZ PrNK</controlfield>
  <controlfield tag="005">20201103130720.0</controlfield>
  <controlfield tag="008">201103|n|aznnnaabn           n a|a      </controlfield>
  <datafield tag="040" ind1=" " ind2=" ">
    <subfield code="a">ABA001</subfield>
    <subfield code="b">cze</subfield>
    <subfield code="e">rda</subfield>
  </datafield>
  <datafield tag="046" ind1=" " ind2=" ">
    <subfield code="f">1942</subfield>
  </datafield>
  <datafield tag="100" ind1="1" ind2=" ">
    <subfield code="a">Csucsuja, István,</subfield>
    <subfield code="d">1942-</subfield>
    <subfield code="7">jo20201091292</subfield>
  </datafield>
  <datafield tag="368" ind1=" " ind2=" ">
    <subfield code="d">Ph.D.</subfield>
  </datafield>
  <datafield tag="370" ind1=" " ind2=" ">
    <subfield code="c">Rumunsko</subfield>
    <subfield code="c">Maďarsko</subfield>
  </datafield>
  <datafield tag="372" ind1=" " ind2=" ">
    <subfield code="a">dějiny</subfield>
    <subfield code="a">církevní dějiny</subfield>
    <subfield code="a">kulturní dějiny</subfield>
    <subfield code="a">dějiny mezinárodních vztahů</subfield>
    <subfield code="a">politické dějiny</subfield>
    <subfield code="a">revoluce (1848-1849)</subfield>
    <subfield code="a">literární historie</subfield>
  </datafield>
  <datafield tag="373" ind1=" " ind2=" ">
    <subfield code="a">Universitatea "Babeş-Bolyai"</subfield>
  </datafield>
  <datafield tag="374" ind1=" " ind2=" ">
    <subfield code="a">historici</subfield>
    <subfield code="a">vysokoškolští učitelé</subfield>
  </datafield>
  <datafield tag="375" ind1=" " ind2=" ">
    <subfield code="a">muž</subfield>
  </datafield>
  <datafield tag="377" ind1=" " ind2=" ">
    <subfield code="a">hun</subfield>
    <subfield code="a">rum</subfield>
    <subfield code="a">eng</subfield>
  </datafield>
  <datafield tag="670" ind1=" " ind2=" ">
    <subfield code="a">Pop, Ioan-Aurel et al. The history of Transylvania. Cluj-Napoca: Romanian Academy, Center for Transylvanian Studies. Vol. I. (coordinators Ioan-Aurel Pop et al., authors Nicolae Bocşan, István Csucsuja et al.), 2018</subfield>
  </datafield>
  <datafield tag="670" ind1=" " ind2=" ">
    <subfield code="a">OSZK, cit. 3. 11. 2020</subfield>
    <subfield code="b">autoritní forma, rok narození</subfield>
  </datafield>
  <datafield tag="670" ind1=" " ind2=" ">
    <subfield code="a">www(Biblioteca Naţională a României), cit. 3. 11. 2020</subfield>
    <subfield code="b">autoritní forma</subfield>
  </datafield>
  <datafield tag="670" ind1=" " ind2=" ">
    <subfield code="a">www(Universitatea Babeş-Bolyai, Cluj-Napoca, Facultatea de Istorie şi Filosofie - Profesor emerit dr. Csucsuja István), cit. 3. 11. 2020</subfield>
    <subfield code="b">biografické údaje</subfield>
  </datafield>
  <datafield tag="670" ind1=" " ind2=" ">
    <subfield code="a">www(Wikipédia, a szabad enciklopédia), cit. 3. 11. 2020</subfield>
    <subfield code="b">biografické údaje</subfield>
    <subfield code="u">https://hu.wikipedia.org/wiki/Csucsuja_István</subfield>
  </datafield>
  <datafield tag="678" ind1="0" ind2=" ">
    <subfield code="a">Transylvánský maďarský historik, vysokoškolský pedagog, specializace na hospodářské, sociální a kulturní dějiny střední a východní Evropy.</subfield>
  </datafield>
  <datafield tag="906" ind1=" " ind2=" ">
    <subfield code="a">br20201103</subfield>
    <subfield code="b">beba</subfield>
  </datafield>
</record>