

<record>
  <leader>     nz  a22     n  4500</leader>
  <controlfield tag="001">ko20201091302</controlfield>
  <controlfield tag="003">CZ PrNK</controlfield>
  <controlfield tag="005">20201103125046.0</controlfield>
  <controlfield tag="008">201103|n|aznnnaabn           n a|a      </controlfield>
  <datafield tag="040" ind1=" " ind2=" ">
    <subfield code="a">ABA001</subfield>
    <subfield code="b">cze</subfield>
    <subfield code="e">rda</subfield>
  </datafield>
  <datafield tag="110" ind1="2" ind2=" ">
    <subfield code="a">Klub českého pohraničí.</subfield>
    <subfield code="b">Konference</subfield>
    <subfield code="d">(2010 :</subfield>
    <subfield code="c">Praha, Česko)</subfield>
    <subfield code="7">ko20201091302</subfield>
  </datafield>
  <datafield tag="368" ind1=" " ind2=" ">
    <subfield code="a">konference</subfield>
  </datafield>
  <datafield tag="370" ind1=" " ind2=" ">
    <subfield code="c">Česko</subfield>
    <subfield code="e">Praha, Česko</subfield>
  </datafield>
  <datafield tag="372" ind1=" " ind2=" ">
    <subfield code="a">druhá světová válka (1939-1945)</subfield>
    <subfield code="a">antifašismus</subfield>
    <subfield code="a">fašismus</subfield>
    <subfield code="a">vlastenectví</subfield>
    <subfield code="a">politické názory a postoje</subfield>
  </datafield>
  <datafield tag="377" ind1=" " ind2=" ">
    <subfield code="a">cze</subfield>
  </datafield>
  <datafield tag="411" ind1="2" ind2=" ">
    <subfield code="a">Konference Klubu českého pohraničí</subfield>
    <subfield code="d">(2010 :</subfield>
    <subfield code="c">Praha, Česko)</subfield>
    <subfield code="0">o</subfield>
  </datafield>
  <datafield tag="670" ind1=" " ind2=" ">
    <subfield code="a">Zamyšlení nad poválečným vývojem a dnešní situací v Evropě a ve světě při příležitosti 65. výročí porážky fašistického Německa ve druhé světové válce : konference KČP k 65. výročí porážky fašistického Německa ve druhé světové válce, Praha, 30. ledna 2010</subfield>
  </datafield>
  <datafield tag="906" ind1=" " ind2=" ">
    <subfield code="a">za20201103</subfield>
    <subfield code="b">full</subfield>
  </datafield>
  <datafield tag="906" ind1=" " ind2=" ">
    <subfield code="a">vr20201103</subfield>
    <subfield code="b">svsv</subfield>
  </datafield>
</record>