

<record>
  <leader>     nz  a22     n  4500</leader>
  <datafield tag="900" ind1=" " ind2=" ">
    <subfield code="a">J-NÁVRH</subfield>
  </datafield>
  <controlfield tag="001">xx0253517</controlfield>
  <controlfield tag="003">CZ PrNK</controlfield>
  <controlfield tag="005">20201103120537.6</controlfield>
  <controlfield tag="008">201103|n|aznnnaabn           n a|a      </controlfield>
  <datafield tag="040" ind1=" " ind2=" ">
    <subfield code="a">BOE451</subfield>
    <subfield code="b">cze</subfield>
    <subfield code="e">rda</subfield>
  </datafield>
  <datafield tag="100" ind1="1" ind2=" ">
    <subfield code="a">Ursi, Corrado,</subfield>
    <subfield code="d">1908-2003</subfield>
    <subfield code="7">xx0253517</subfield>
  </datafield>
  <datafield tag="370" ind1=" " ind2=" ">
    <subfield code="c">Itálie</subfield>
  </datafield>
  <datafield tag="372" ind1=" " ind2=" ">
    <subfield code="a">katolická teologie</subfield>
    <subfield code="a">filozofie</subfield>
  </datafield>
  <datafield tag="374" ind1=" " ind2=" ">
    <subfield code="a">katoličtí kněží</subfield>
    <subfield code="a">biskupové</subfield>
    <subfield code="a">kardinálové</subfield>
    <subfield code="a">teologové</subfield>
  </datafield>
  <datafield tag="375" ind1=" " ind2=" ">
    <subfield code="a">muž</subfield>
  </datafield>
  <datafield tag="377" ind1=" " ind2=" ">
    <subfield code="a">ita</subfield>
  </datafield>
  <datafield tag="670" ind1=" " ind2=" ">
    <subfield code="a">Ursi, Corrado: Vescovo per voi con voi fratello, 1976</subfield>
    <subfield code="b">biografické a profesní údaje, datum narození</subfield>
  </datafield>
  <datafield tag="670" ind1=" " ind2=" ">
    <subfield code="a">DNB, cit. 3. 11. 2020</subfield>
    <subfield code="b">profesní údaje</subfield>
  </datafield>
  <datafield tag="670" ind1=" " ind2=" ">
    <subfield code="a">BNF, cit. 3. 11. 2020</subfield>
    <subfield code="b">profesní údaje, data narození a úmrtí</subfield>
  </datafield>
  <datafield tag="670" ind1=" " ind2=" ">
    <subfield code="a">www(Wikipedia, l'enciclopedia libera), cit. 3. 11. 2020</subfield>
    <subfield code="b">biografické a profesní údaje, data narození a úmrtí</subfield>
    <subfield code="u">https://it.wikipedia.org/wiki/Corrado_Ursi</subfield>
  </datafield>
  <datafield tag="678" ind1=" " ind2=" ">
    <subfield code="a">Italský římskokatolický kněz, biskup, kardinál, teolog a filozof.</subfield>
  </datafield>
  <datafield tag="906" ind1=" " ind2=" ">
    <subfield code="a">za20201103</subfield>
    <subfield code="b">xlekl</subfield>
  </datafield>
</record>