

<record>
  <leader>     nz  a22     n  4500</leader>
  <datafield tag="900" ind1=" " ind2=" ">
    <subfield code="a">J-NÁVRH</subfield>
  </datafield>
  <controlfield tag="001">xx0253521</controlfield>
  <controlfield tag="003">CZ PrNK</controlfield>
  <controlfield tag="005">20201103120846.1</controlfield>
  <controlfield tag="008">201103|n|aznnnaabn           n a|a      </controlfield>
  <datafield tag="040" ind1=" " ind2=" ">
    <subfield code="a">BOE451</subfield>
    <subfield code="b">cze</subfield>
    <subfield code="e">rda</subfield>
  </datafield>
  <datafield tag="100" ind1="1" ind2=" ">
    <subfield code="a">Forrest, Tom,</subfield>
    <subfield code="d">1927-2018</subfield>
    <subfield code="7">xx0253521</subfield>
  </datafield>
  <datafield tag="368" ind1=" " ind2=" ">
    <subfield code="d">CSsR</subfield>
  </datafield>
  <datafield tag="370" ind1=" " ind2=" ">
    <subfield code="c">Spojené státy americké</subfield>
  </datafield>
  <datafield tag="372" ind1=" " ind2=" ">
    <subfield code="a">evangelizace</subfield>
  </datafield>
  <datafield tag="373" ind1=" " ind2=" ">
    <subfield code="a">Redemptoristé</subfield>
  </datafield>
  <datafield tag="374" ind1=" " ind2=" ">
    <subfield code="a">katoličtí kněží</subfield>
    <subfield code="a">řeholníci</subfield>
    <subfield code="a">evangelizátoři</subfield>
  </datafield>
  <datafield tag="375" ind1=" " ind2=" ">
    <subfield code="a">muž</subfield>
  </datafield>
  <datafield tag="377" ind1=" " ind2=" ">
    <subfield code="a">spa</subfield>
  </datafield>
  <datafield tag="400" ind1="1" ind2=" ">
    <subfield code="a">Forrest, Tomas,</subfield>
    <subfield code="d">1927-2018</subfield>
    <subfield code="0">o</subfield>
  </datafield>
  <datafield tag="670" ind1=" " ind2=" ">
    <subfield code="a">Forrest, Tomas - Prado Flores, José H.: Il Signore mi ha guarito, 1987</subfield>
  </datafield>
  <datafield tag="670" ind1=" " ind2=" ">
    <subfield code="a">LC (Names), cit. 29. 9. 2020</subfield>
    <subfield code="b">autoritní forma, profesní údaj</subfield>
  </datafield>
  <datafield tag="670" ind1=" " ind2=" ">
    <subfield code="a">www(The Redemptorists), cit. 29. 9. 2020</subfield>
    <subfield code="b">biografické a profesní údaje, data narození a úmrtí</subfield>
    <subfield code="u">https://redemptorists.net/in-memoriam/obit-father-tom-forrest/</subfield>
  </datafield>
  <datafield tag="678" ind1=" " ind2=" ">
    <subfield code="a">Americký katolický kněz, redemptorista, charismatik a evangelizátor.</subfield>
  </datafield>
  <datafield tag="906" ind1=" " ind2=" ">
    <subfield code="a">za20201103</subfield>
    <subfield code="b">xlekl</subfield>
  </datafield>
</record>