

<record>
  <leader>     cz  a22     n  4500</leader>
  <controlfield tag="001">pna20201091331</controlfield>
  <controlfield tag="003">CZ PrNK</controlfield>
  <controlfield tag="005">20201104120844.0</controlfield>
  <controlfield tag="008">201103|n|aznnnaabn           n a|a      </controlfield>
  <datafield tag="040" ind1=" " ind2=" ">
    <subfield code="a">PNA001</subfield>
    <subfield code="b">cze</subfield>
    <subfield code="d">ABA001</subfield>
    <subfield code="e">rda</subfield>
  </datafield>
  <datafield tag="046" ind1=" " ind2=" ">
    <subfield code="f">1916</subfield>
    <subfield code="g">1988</subfield>
  </datafield>
  <datafield tag="100" ind1="1" ind2=" ">
    <subfield code="a">Praag, H. van,</subfield>
    <subfield code="d">1916-1988</subfield>
    <subfield code="7">pna20201091331</subfield>
  </datafield>
  <datafield tag="370" ind1=" " ind2=" ">
    <subfield code="c">Nizozemsko</subfield>
  </datafield>
  <datafield tag="372" ind1=" " ind2=" ">
    <subfield code="a">pedagogika</subfield>
    <subfield code="a">filozofie</subfield>
    <subfield code="a">teologie</subfield>
    <subfield code="a">dějiny náboženství</subfield>
    <subfield code="a">pedagogická terapie</subfield>
    <subfield code="a">psychologie</subfield>
    <subfield code="a">parapsychologie</subfield>
  </datafield>
  <datafield tag="374" ind1=" " ind2=" ">
    <subfield code="a">pedagogové</subfield>
    <subfield code="a">filozofové</subfield>
    <subfield code="a">teologové</subfield>
    <subfield code="a">publicisté</subfield>
  </datafield>
  <datafield tag="375" ind1=" " ind2=" ">
    <subfield code="a">muž</subfield>
  </datafield>
  <datafield tag="377" ind1=" " ind2=" ">
    <subfield code="a">dut</subfield>
  </datafield>
  <datafield tag="400" ind1="1" ind2=" ">
    <subfield code="a">Praag, Henri van,</subfield>
    <subfield code="d">1916-1988</subfield>
    <subfield code="0">o</subfield>
  </datafield>
  <datafield tag="400" ind1="1" ind2=" ">
    <subfield code="a">Van Praag, Henri,</subfield>
    <subfield code="d">1916-1988</subfield>
    <subfield code="0">o</subfield>
  </datafield>
  <datafield tag="400" ind1="1" ind2=" ">
    <subfield code="a">Praag, Naphthali ben Levi van,</subfield>
    <subfield code="d">1916-1988</subfield>
    <subfield code="0">o</subfield>
  </datafield>
  <datafield tag="400" ind1="1" ind2=" ">
    <subfield code="a">Van Praag, Naphthali ben Levi,</subfield>
    <subfield code="d">1916-1988</subfield>
    <subfield code="0">o</subfield>
  </datafield>
  <datafield tag="670" ind1=" " ind2=" ">
    <subfield code="a">A tribute to Anne Frank (in collaboration with Otto Frank, Henri van Praag), 1971</subfield>
  </datafield>
  <datafield tag="670" ind1=" " ind2=" ">
    <subfield code="a">KB - NBN, cit. 3. 11. 2020</subfield>
    <subfield code="b">autoritní forma, odkaz viz, životní data</subfield>
  </datafield>
  <datafield tag="670" ind1=" " ind2=" ">
    <subfield code="a">www (Wikipedia, de vrije encyclopedie - Henri van Praag), cit. 4. 11. 2020</subfield>
    <subfield code="b">národnost, profesní údaje, odkaz viz</subfield>
    <subfield code="u">https://nl.wikipedia.org/wiki/Henri_van_Praag</subfield>
  </datafield>
  <datafield tag="678" ind1="0" ind2=" ">
    <subfield code="a">Nizozemský židovský pedagog, filozof, teolog a historik náboženství, též pedagogický terapeut a publicista v oboru psychologie a parapsychologie.</subfield>
  </datafield>
  <datafield tag="906" ind1=" " ind2=" ">
    <subfield code="a">za20201103</subfield>
    <subfield code="b">kali</subfield>
  </datafield>
  <datafield tag="906" ind1=" " ind2=" ">
    <subfield code="a">op20201104</subfield>
    <subfield code="b">lisi</subfield>
    <subfield code="c">Viz - další výskyt, zdroj - aktualizace</subfield>
  </datafield>
</record>