

<record>
  <leader>     nz  a22     n  4500</leader>
  <controlfield tag="001">vse20201091335</controlfield>
  <controlfield tag="003">CZ PrNK</controlfield>
  <controlfield tag="005">20201106122547.0</controlfield>
  <controlfield tag="008">201103|n|aznnnaabn           n a|a      </controlfield>
  <datafield tag="024" ind1="7" ind2=" ">
    <subfield code="a">0000000023218433</subfield>
    <subfield code="2">isni</subfield>
  </datafield>
  <datafield tag="040" ind1=" " ind2=" ">
    <subfield code="a">ABA006</subfield>
    <subfield code="b">cze</subfield>
    <subfield code="d">ABA001</subfield>
    <subfield code="e">rda</subfield>
  </datafield>
  <datafield tag="046" ind1=" " ind2=" ">
    <subfield code="f">1949</subfield>
  </datafield>
  <datafield tag="100" ind1="1" ind2=" ">
    <subfield code="a">Ebert, Jürgen,</subfield>
    <subfield code="d">1949-</subfield>
    <subfield code="7">vse20201091335</subfield>
  </datafield>
  <datafield tag="368" ind1=" " ind2=" ">
    <subfield code="d">Prof.</subfield>
    <subfield code="d">Dr.</subfield>
  </datafield>
  <datafield tag="370" ind1=" " ind2=" ">
    <subfield code="c">Německo</subfield>
  </datafield>
  <datafield tag="372" ind1=" " ind2=" ">
    <subfield code="a">informatika</subfield>
    <subfield code="a">softwarové technologie</subfield>
  </datafield>
  <datafield tag="373" ind1=" " ind2=" ">
    <subfield code="a">Universität Koblenz-Landau</subfield>
  </datafield>
  <datafield tag="374" ind1=" " ind2=" ">
    <subfield code="a">informatici</subfield>
  </datafield>
  <datafield tag="375" ind1=" " ind2=" ">
    <subfield code="a">muž</subfield>
  </datafield>
  <datafield tag="377" ind1=" " ind2=" ">
    <subfield code="a">ger</subfield>
    <subfield code="a">eng</subfield>
  </datafield>
  <datafield tag="670" ind1=" " ind2=" ">
    <subfield code="a">Pan, J.Z. - Staab, S. - Aßmann, U. - Ebert, J. - Zhao, Y. (eds.): Ontology-driven software development, 2013</subfield>
  </datafield>
  <datafield tag="670" ind1=" " ind2=" ">
    <subfield code="a">DNB, cit. 3. 11. 2020</subfield>
    <subfield code="b">datum narození, autoritní forma</subfield>
  </datafield>
  <datafield tag="670" ind1=" " ind2=" ">
    <subfield code="a">www(Universität Koblenz-Landau: Jürgen Ebert), cit. 3. 11. 2020</subfield>
  </datafield>
  <datafield tag="678" ind1="0" ind2=" ">
    <subfield code="a">Německý informatik, vysokoškolský pedagog, působí na Universtät Koblenz-Landau, práce z oboru.</subfield>
  </datafield>
  <datafield tag="906" ind1=" " ind2=" ">
    <subfield code="a">za20201103</subfield>
    <subfield code="b">ekuc</subfield>
  </datafield>
  <datafield tag="906" ind1=" " ind2=" ">
    <subfield code="a">ko20201104</subfield>
    <subfield code="b">mape</subfield>
    <subfield code="c">zdroj - oprava</subfield>
  </datafield>
  <datafield tag="906" ind1=" " ind2=" ">
    <subfield code="a">vr20201106</subfield>
    <subfield code="b">adpi</subfield>
  </datafield>
</record>