

<record>
  <leader>     nz  a22     n  4500</leader>
  <controlfield tag="001">pna20201091336</controlfield>
  <controlfield tag="003">CZ PrNK</controlfield>
  <controlfield tag="005">20201104075337.0</controlfield>
  <controlfield tag="008">201103|n|aznnnaabn           n a|a      </controlfield>
  <datafield tag="040" ind1=" " ind2=" ">
    <subfield code="a">PNA001</subfield>
    <subfield code="b">cze</subfield>
    <subfield code="d">ABA001</subfield>
    <subfield code="e">rda</subfield>
  </datafield>
  <datafield tag="111" ind1="2" ind2=" ">
    <subfield code="a">Aktuálne otázky vývoja a súčasnej podoby medzinárodného a európskeho práva životného prostredia a vplyv medzinárodného a európskeho práva životného prostredia na právny poriadok Slovenskej republiky a Českej republiky (konference)</subfield>
    <subfield code="d">(2019 :</subfield>
    <subfield code="c">Trnava, Slovensko)</subfield>
    <subfield code="7">pna20201091336</subfield>
  </datafield>
  <datafield tag="368" ind1=" " ind2=" ">
    <subfield code="a">konference</subfield>
  </datafield>
  <datafield tag="370" ind1=" " ind2=" ">
    <subfield code="c">Slovensko</subfield>
    <subfield code="e">Trnava, Slovensko</subfield>
  </datafield>
  <datafield tag="372" ind1=" " ind2=" ">
    <subfield code="a">mezinárodní právo životního prostředí</subfield>
  </datafield>
  <datafield tag="377" ind1=" " ind2=" ">
    <subfield code="a">slo</subfield>
    <subfield code="a">cze</subfield>
  </datafield>
  <datafield tag="670" ind1=" " ind2=" ">
    <subfield code="a">Aktuálne otázky vývoja a súčasnej podoby medzinárodného a európskeho práva životného prostredia a vplyv medzinárodného a európskeho práva životného prostredia na právny poriadok Slovenskej republiky a Českej republiky : zborník príspevkov z medzinárodnej vedeckej online konferencie, 2020</subfield>
  </datafield>
  <datafield tag="906" ind1=" " ind2=" ">
    <subfield code="a">za20201103</subfield>
    <subfield code="b">kali</subfield>
  </datafield>
  <datafield tag="906" ind1=" " ind2=" ">
    <subfield code="a">vr20201104</subfield>
    <subfield code="b">svsv</subfield>
  </datafield>
</record>