

<record>
  <leader>     nz  a22     n  4500</leader>
  <datafield tag="900" ind1=" " ind2=" ">
    <subfield code="a">*J-NÁVRH</subfield>
  </datafield>
  <controlfield tag="001">mzk20201091343</controlfield>
  <controlfield tag="003">CZ PrNK</controlfield>
  <controlfield tag="005">20201103132212.0</controlfield>
  <controlfield tag="008">201103|n|aznnnaabn           n a|a      </controlfield>
  <datafield tag="040" ind1=" " ind2=" ">
    <subfield code="a">BOA001</subfield>
    <subfield code="b">cze</subfield>
    <subfield code="e">rda</subfield>
  </datafield>
  <datafield tag="046" ind1=" " ind2=" ">
    <subfield code="f">1985</subfield>
  </datafield>
  <datafield tag="100" ind1="1" ind2=" ">
    <subfield code="a">Jasinská, Lucia,</subfield>
    <subfield code="d">1985-</subfield>
    <subfield code="7">mzk20201091343</subfield>
  </datafield>
  <datafield tag="370" ind1=" " ind2=" ">
    <subfield code="c">Slovensko</subfield>
    <subfield code="f">Košice, Slovensko</subfield>
  </datafield>
  <datafield tag="372" ind1=" " ind2=" ">
    <subfield code="a">slovenština</subfield>
    <subfield code="a">lingvistika</subfield>
    <subfield code="a">řeč</subfield>
    <subfield code="a">hovorový jazyk</subfield>
    <subfield code="a">morfologie (lingvistika)</subfield>
    <subfield code="a">syntax</subfield>
  </datafield>
  <datafield tag="374" ind1=" " ind2=" ">
    <subfield code="a">lingvistky</subfield>
    <subfield code="a">slovakistky</subfield>
    <subfield code="a">vysokoškolské učitelky</subfield>
  </datafield>
  <datafield tag="375" ind1=" " ind2=" ">
    <subfield code="a">žena</subfield>
  </datafield>
  <datafield tag="377" ind1=" " ind2=" ">
    <subfield code="a">slo</subfield>
  </datafield>
  <datafield tag="670" ind1=" " ind2=" ">
    <subfield code="a">Bónová, Iveta - Jasinská, Lucia: Veda a umenie bez bariér. In: Slavica litteraria. Roč. 22, 2019, č. 2, s. 165-166</subfield>
  </datafield>
  <datafield tag="670" ind1=" " ind2=" ">
    <subfield code="a">SNK, cit. 3. 11. 2020</subfield>
    <subfield code="b">autoritní forma; biografické údaje; datum narození</subfield>
  </datafield>
  <datafield tag="670" ind1=" " ind2=" ">
    <subfield code="a">www(Univerzita Pavla Jozefa Šafárika v Košiciach - Lucia Jasinská), cit. 3. 11. 2020</subfield>
    <subfield code="b">profesní specializace</subfield>
    <subfield code="u">https://www.upjs.sk/filozoficka-fakulta/katedra-slovakistiky-slovanskych-filologii-a-komunikacie/lucia-jasinska/</subfield>
  </datafield>
  <datafield tag="678" ind1="0" ind2=" ">
    <subfield code="a">Slovenská lingvistka, slovakistka, zaměřená na morfologické a syntaktické aspekty jazykového systému a řeči.</subfield>
  </datafield>
  <datafield tag="906" ind1=" " ind2=" ">
    <subfield code="a">za20201103</subfield>
    <subfield code="b">kmonev</subfield>
  </datafield>
</record>