

<record>
  <leader>     cz  a22     n  4500</leader>
  <datafield tag="900" ind1=" " ind2=" ">
    <subfield code="a">*J-NÁVRH</subfield>
  </datafield>
  <controlfield tag="001">mzk20201091353</controlfield>
  <controlfield tag="003">CZ PrNK</controlfield>
  <controlfield tag="005">20201103141509.0</controlfield>
  <controlfield tag="008">201103|n|aznnnaabn           n a|a      </controlfield>
  <datafield tag="040" ind1=" " ind2=" ">
    <subfield code="a">BOA001</subfield>
    <subfield code="b">cze</subfield>
    <subfield code="e">rda</subfield>
  </datafield>
  <datafield tag="046" ind1=" " ind2=" ">
    <subfield code="f">1949</subfield>
  </datafield>
  <datafield tag="100" ind1="1" ind2=" ">
    <subfield code="a">Hertz, Harald,</subfield>
    <subfield code="d">1949-</subfield>
    <subfield code="7">mzk20201091353</subfield>
  </datafield>
  <datafield tag="MOR" ind1="0" ind2=" ">
    <subfield code="a">Harald Hertz,</subfield>
    <subfield code="d">1949-</subfield>
    <subfield code="7">mzk20201091353</subfield>
  </datafield>
  <datafield tag="370" ind1=" " ind2=" ">
    <subfield code="a">Vídeň, Rakousko</subfield>
    <subfield code="c">Rakousko</subfield>
  </datafield>
  <datafield tag="372" ind1=" " ind2=" ">
    <subfield code="a">chirurgie</subfield>
    <subfield code="a">ortopedická chirurgie</subfield>
    <subfield code="a">miniinvazivní chirurgie</subfield>
    <subfield code="a">ortopedická traumatologie</subfield>
    <subfield code="a">úrazy</subfield>
    <subfield code="a">sportovní lékařství</subfield>
  </datafield>
  <datafield tag="374" ind1=" " ind2=" ">
    <subfield code="a">chirurgové</subfield>
    <subfield code="a">ortopedové</subfield>
  </datafield>
  <datafield tag="375" ind1=" " ind2=" ">
    <subfield code="a">muž</subfield>
  </datafield>
  <datafield tag="377" ind1=" " ind2=" ">
    <subfield code="a">ger</subfield>
  </datafield>
  <datafield tag="670" ind1=" " ind2=" ">
    <subfield code="a">Hertz, Harald: Die Bedeutung des Limbus glenoidalis für die Stabilität des Schultergelenks, 1984</subfield>
  </datafield>
  <datafield tag="670" ind1=" " ind2=" ">
    <subfield code="a">DNB, cit. 3. 11. 2020</subfield>
    <subfield code="b">autoritní forma</subfield>
  </datafield>
  <datafield tag="670" ind1=" " ind2=" ">
    <subfield code="a">www(Salzburgwiki), cit. 3. 11. 2020</subfield>
    <subfield code="b">biografické údaje, rok narození, místo narození</subfield>
    <subfield code="u">https://www.sn.at/wiki/Harald_Hertz</subfield>
  </datafield>
  <datafield tag="678" ind1="0" ind2=" ">
    <subfield code="a">Rakouský lékař, chirurg a ortoped zaměřený na ortopedickou chirurgii a traumatologii, úrazovou chirurgii, miniinvazivní chirurgii a sportovní traumatologii.</subfield>
  </datafield>
  <datafield tag="906" ind1=" " ind2=" ">
    <subfield code="a">za20201102</subfield>
    <subfield code="b">svobal</subfield>
  </datafield>
  <datafield tag="906" ind1=" " ind2=" ">
    <subfield code="a">oz20201102</subfield>
    <subfield code="b">svobal</subfield>
  </datafield>
</record>