

<record>
  <leader>     nz  a22     n  4500</leader>
  <controlfield tag="001">aun20201091354</controlfield>
  <controlfield tag="003">CZ PrNK</controlfield>
  <controlfield tag="005">20201103141458.0</controlfield>
  <controlfield tag="008">201103|n|aznnnaabn           n a|a      </controlfield>
  <datafield tag="040" ind1=" " ind2=" ">
    <subfield code="a">ABA001</subfield>
    <subfield code="b">cze</subfield>
    <subfield code="e">rda</subfield>
  </datafield>
  <datafield tag="100" ind1="1" ind2=" ">
    <subfield code="a">Šindelka, Marek,</subfield>
    <subfield code="d">1984-</subfield>
    <subfield code="t">Únava materiálu.</subfield>
    <subfield code="l">Srbsky</subfield>
    <subfield code="7">aun20201091354</subfield>
  </datafield>
  <datafield tag="400" ind1="1" ind2=" ">
    <subfield code="a">Šindelka, Marek,</subfield>
    <subfield code="d">1984-</subfield>
    <subfield code="t">Zamor materijala</subfield>
    <subfield code="0">o</subfield>
  </datafield>
  <datafield tag="670" ind1=" " ind2=" ">
    <subfield code="a">COBISS.SR</subfield>
  </datafield>
  <datafield tag="670" ind1=" " ind2=" ">
    <subfield code="a">Zamor materijala / Marek Šindelka ; sa češkog preveo Uroš Nikolić. Smederevo : Heliks, 2020</subfield>
  </datafield>
  <datafield tag="906" ind1=" " ind2=" ">
    <subfield code="a">br20201103</subfield>
    <subfield code="b">hape</subfield>
  </datafield>
  <datafield tag="906" ind1=" " ind2=" ">
    <subfield code="a">ks20201103</subfield>
    <subfield code="b">hape</subfield>
  </datafield>
</record>