

<record>
  <leader>     nz  a22     n  4500</leader>
  <controlfield tag="001">xx0253530</controlfield>
  <controlfield tag="003">CZ PrNK</controlfield>
  <controlfield tag="005">20201104055426.0</controlfield>
  <controlfield tag="008">201103|n|aznnnaabn           n a|a      </controlfield>
  <datafield tag="040" ind1=" " ind2=" ">
    <subfield code="a">ABA008</subfield>
    <subfield code="b">cze</subfield>
    <subfield code="d">ABA001</subfield>
    <subfield code="e">rda</subfield>
  </datafield>
  <datafield tag="100" ind1="1" ind2=" ">
    <subfield code="a">Fialová, Martina</subfield>
    <subfield code="7">xx0253530</subfield>
  </datafield>
  <datafield tag="368" ind1=" " ind2=" ">
    <subfield code="d">MUDr.</subfield>
    <subfield code="s">1997</subfield>
  </datafield>
  <datafield tag="370" ind1=" " ind2=" ">
    <subfield code="c">Česko</subfield>
  </datafield>
  <datafield tag="372" ind1=" " ind2=" ">
    <subfield code="a">lékařství</subfield>
    <subfield code="a">chirurgie</subfield>
  </datafield>
  <datafield tag="374" ind1=" " ind2=" ">
    <subfield code="a">lékařky</subfield>
    <subfield code="a">chirurgyně</subfield>
  </datafield>
  <datafield tag="375" ind1=" " ind2=" ">
    <subfield code="a">žena</subfield>
  </datafield>
  <datafield tag="377" ind1=" " ind2=" ">
    <subfield code="a">cze</subfield>
  </datafield>
  <datafield tag="670" ind1=" " ind2=" ">
    <subfield code="a">Fialová, M.: Opakované operace pro karcinom příštítného tělíska. Rozhledy v chirurgii, 2012, roč. 91, č. 11, s. 601-607.</subfield>
    <subfield code="b">pracoviště</subfield>
  </datafield>
  <datafield tag="670" ind1=" " ind2=" ">
    <subfield code="a">www(Česká lékařská komora), cit. 3. 11. 2020</subfield>
    <subfield code="b">jméno, titul a rok získání MUDr., specializace</subfield>
  </datafield>
  <datafield tag="678" ind1="0" ind2=" ">
    <subfield code="a">MUDr., chirurgyně (III. chirurgická klinika, 1. lékařská fakulta, Univerzita Karlova a Fakultní nemocnice v Motole, Praha).</subfield>
  </datafield>
  <datafield tag="906" ind1=" " ind2=" ">
    <subfield code="a">za20201103</subfield>
    <subfield code="b">xdapi</subfield>
  </datafield>
  <datafield tag="906" ind1=" " ind2=" ">
    <subfield code="a">fr20201104</subfield>
    <subfield code="b">lisi</subfield>
  </datafield>
</record>