

<record>
  <leader>     nz  a22     n  4500</leader>
  <controlfield tag="001">ko20201091377</controlfield>
  <controlfield tag="003">CZ PrNK</controlfield>
  <controlfield tag="005">20201103150932.0</controlfield>
  <controlfield tag="008">201103|n|aznnnaabn          in a|a      </controlfield>
  <datafield tag="040" ind1=" " ind2=" ">
    <subfield code="a">ABA001</subfield>
    <subfield code="b">cze</subfield>
    <subfield code="e">rda</subfield>
  </datafield>
  <datafield tag="110" ind1="1" ind2=" ">
    <subfield code="a">Brazílie.</subfield>
    <subfield code="b">Destacamento de Operações de Informações - Centro de Operações de Defesa Interna</subfield>
    <subfield code="7">ko20201091377</subfield>
  </datafield>
  <datafield tag="368" ind1=" " ind2=" ">
    <subfield code="a">vojenské instituce a organizace</subfield>
    <subfield code="a">vládní instituce a organizace</subfield>
    <subfield code="a">vojenské jednotky</subfield>
  </datafield>
  <datafield tag="370" ind1=" " ind2=" ">
    <subfield code="c">Brazílie</subfield>
  </datafield>
  <datafield tag="372" ind1=" " ind2=" ">
    <subfield code="a">politická perzekuce</subfield>
    <subfield code="a">vojenská diktatura</subfield>
  </datafield>
  <datafield tag="377" ind1=" " ind2=" ">
    <subfield code="a">por</subfield>
  </datafield>
  <datafield tag="410" ind1="1" ind2=" ">
    <subfield code="a">Brazílie.</subfield>
    <subfield code="b">Departamento de Operações de Informações - Centro de Operações de Defesa Interna</subfield>
    <subfield code="0">o</subfield>
  </datafield>
  <datafield tag="410" ind1="1" ind2=" ">
    <subfield code="a">Brazílie.</subfield>
    <subfield code="b">Department of Information Operations - Center for Internal Defense Operations</subfield>
    <subfield code="2">czeeng</subfield>
    <subfield code="0">o</subfield>
  </datafield>
  <datafield tag="410" ind1="2" ind2=" ">
    <subfield code="a">Departamento de Operações de Informações - Centro de Operações de Defesa Interna</subfield>
    <subfield code="0">o</subfield>
  </datafield>
  <datafield tag="410" ind1="2" ind2=" ">
    <subfield code="a">Destacamento de Operações de Informações - Centro de Operações de Defesa Interna</subfield>
    <subfield code="0">o</subfield>
  </datafield>
  <datafield tag="410" ind1="2" ind2=" ">
    <subfield code="a">DOI-Codi</subfield>
    <subfield code="0">o</subfield>
  </datafield>
  <datafield tag="410" ind1="2" ind2=" ">
    <subfield code="a">DOI-CODI</subfield>
    <subfield code="0">o</subfield>
  </datafield>
  <datafield tag="410" ind1="2" ind2=" ">
    <subfield code="a">Department of Information Operations - Center for Internal Defense Operations</subfield>
    <subfield code="2">czeeng</subfield>
    <subfield code="0">o</subfield>
  </datafield>
  <datafield tag="670" ind1=" " ind2=" ">
    <subfield code="a">LC (Names), cit. 3.11. 2020</subfield>
    <subfield code="b">autoritní forma; odkaz viz: DOI-Codi</subfield>
  </datafield>
  <datafield tag="670" ind1=" " ind2=" ">
    <subfield code="a">www(Wikipedia, the free encyclopedia - DOI-CODI), cit. 3.11. 2020</subfield>
    <subfield code="b">odkazy viz</subfield>
  </datafield>
  <datafield tag="906" ind1=" " ind2=" ">
    <subfield code="a">br20201103</subfield>
    <subfield code="b">svsv</subfield>
  </datafield>
</record>