

<record>
  <leader>     nz  a22     n  4500</leader>
  <controlfield tag="001">unn20201091399</controlfield>
  <controlfield tag="003">CZ PrNK</controlfield>
  <controlfield tag="005">20201103224404.0</controlfield>
  <controlfield tag="008">201103|n|aznnnaabn           n a|a      </controlfield>
  <datafield tag="040" ind1=" " ind2=" ">
    <subfield code="a">ABA001</subfield>
    <subfield code="b">cze</subfield>
    <subfield code="e">rda</subfield>
  </datafield>
  <datafield tag="046" ind1=" " ind2=" ">
    <subfield code="k">2003</subfield>
  </datafield>
  <datafield tag="130" ind1=" " ind2="0">
    <subfield code="a">Nuda v Brně (film)</subfield>
    <subfield code="7">unn20201091399</subfield>
  </datafield>
  <datafield tag="370" ind1=" " ind2=" ">
    <subfield code="g">Česko</subfield>
  </datafield>
  <datafield tag="380" ind1=" " ind2=" ">
    <subfield code="a">hrané filmy</subfield>
    <subfield code="a">komedie (filmy)</subfield>
    <subfield code="a">romantické filmy</subfield>
  </datafield>
  <datafield tag="430" ind1=" " ind2="0">
    <subfield code="i">Jazyková varianta názvu:</subfield>
    <subfield code="a">Boredom in Brno (film)</subfield>
    <subfield code="0">o</subfield>
  </datafield>
  <datafield tag="500" ind1="1" ind2=" ">
    <subfield code="w">r</subfield>
    <subfield code="i">Režie:</subfield>
    <subfield code="a">Morávek, Vladimír,</subfield>
    <subfield code="d">1965-</subfield>
    <subfield code="7">jo20000080458</subfield>
    <subfield code="4">drt</subfield>
  </datafield>
  <datafield tag="500" ind1="1" ind2=" ">
    <subfield code="w">r</subfield>
    <subfield code="i">Scénář:</subfield>
    <subfield code="a">Budař, Jan,</subfield>
    <subfield code="d">1977-</subfield>
    <subfield code="7">js20040119003</subfield>
    <subfield code="4">aus</subfield>
  </datafield>
  <datafield tag="670" ind1=" " ind2=" ">
    <subfield code="a">www(Wikipedie, otevřená encyklopedie), cit. 3. 11. 2020</subfield>
  </datafield>
  <datafield tag="670" ind1=" " ind2=" ">
    <subfield code="a">www(Česko-Slovenská filmová databáze), cit. 3. 11. 2020</subfield>
  </datafield>
  <datafield tag="678" ind1=" " ind2=" ">
    <subfield code="a">Česká filmová komedie byla natočena v roce 2003.</subfield>
  </datafield>
  <datafield tag="856" ind1="4" ind2="2">
    <subfield code="u">https://cs.wikipedia.org/wiki/Nuda_v_Brn%C4%9B</subfield>
    <subfield code="4">N</subfield>
  </datafield>
  <datafield tag="856" ind1="4" ind2="2">
    <subfield code="u">https://www.csfd.cz/film/88256-nuda-v-brne/prehled/</subfield>
    <subfield code="4">N</subfield>
  </datafield>
  <datafield tag="906" ind1=" " ind2=" ">
    <subfield code="a">br20201103</subfield>
    <subfield code="b">maba</subfield>
  </datafield>
</record>