

<record>
  <leader>     nz  a22     n  4500</leader>
  <controlfield tag="001">kon20201091403</controlfield>
  <controlfield tag="003">CZ PrNK</controlfield>
  <controlfield tag="005">20201104064345.0</controlfield>
  <controlfield tag="008">201104|n|aznnnaabn           n a|a      </controlfield>
  <datafield tag="040" ind1=" " ind2=" ">
    <subfield code="a">ABA001</subfield>
    <subfield code="b">cze</subfield>
    <subfield code="e">rda</subfield>
  </datafield>
  <datafield tag="110" ind1="1" ind2=" ">
    <subfield code="a">Československo.</subfield>
    <subfield code="t">Kongruový zákon (1926).</subfield>
    <subfield code="l">Německy</subfield>
    <subfield code="7">kon20201091403</subfield>
  </datafield>
  <datafield tag="410" ind1="1" ind2=" ">
    <subfield code="a">Československo.</subfield>
    <subfield code="t">Kongruagesetz (1926)</subfield>
    <subfield code="0">o</subfield>
  </datafield>
  <datafield tag="410" ind1="1" ind2=" ">
    <subfield code="a">Československo.</subfield>
    <subfield code="t">Gesetz, betreffend die Regelung der Bezüge der Seelsorgegeistlichkeit der vom Staate anerkannten, beziehungsweife rezipirten Kirchen und Religionsgesellschaften (1926)</subfield>
    <subfield code="0">o</subfield>
  </datafield>
  <datafield tag="670" ind1=" " ind2=" ">
    <subfield code="a">www(Wikipedie, otevřená encyklopedie), cit. 04. 11. 2020</subfield>
  </datafield>
  <datafield tag="670" ind1=" " ind2=" ">
    <subfield code="a">www(www.noveaspi.cz), cit. 04. 11. 2020</subfield>
  </datafield>
  <datafield tag="670" ind1=" " ind2=" ">
    <subfield code="a">Kongrua und Dotation der Kirchen- und Religionsgesellschaften in der Tschechoslowakischen Republik. Eger : Egerland, 1928</subfield>
  </datafield>
  <datafield tag="678" ind1=" " ind2=" ">
    <subfield code="a">Zákon č. 122/1926 Sb., ze dne 25. 06. 1926.</subfield>
  </datafield>
  <datafield tag="856" ind1="4" ind2="2">
    <subfield code="u">https://books.google.cz/books?id=z7M514YUDJUC&amp;pg=PA60&amp;lpg=PA60&amp;dq=Kongruagesetz+1926&amp;source=bl&amp;ots=II3CK9_Jpx&amp;sig=ACfU3U3gjibqGvw9_R4QOULEuDppIy9IBQ&amp;hl=cs&amp;sa=X&amp;ved=2ahUKEwidra-tlejsAhXO3KQKHfLBCXgQ6AEwAHoECAEQAg#v=onepage&amp;q=Kongruagesetz%201926&amp;f=false</subfield>
    <subfield code="4">N</subfield>
  </datafield>
  <datafield tag="906" ind1=" " ind2=" ">
    <subfield code="a">br20201104</subfield>
    <subfield code="b">blau</subfield>
  </datafield>
  <datafield tag="906" ind1=" " ind2=" ">
    <subfield code="a">ks20201104</subfield>
    <subfield code="b">blau</subfield>
  </datafield>
</record>