

<record>
  <leader>     nz  a22     n  4500</leader>
  <datafield tag="900" ind1=" " ind2=" ">
    <subfield code="a">*J-NÁVRH</subfield>
  </datafield>
  <controlfield tag="001">mzk20201091407</controlfield>
  <controlfield tag="003">CZ PrNK</controlfield>
  <controlfield tag="005">20201104074249.0</controlfield>
  <controlfield tag="008">201104|n|aznnnaabn           n a|a      </controlfield>
  <datafield tag="024" ind1="7" ind2=" ">
    <subfield code="a">0000-0003-4263-7221</subfield>
    <subfield code="2">orcid</subfield>
  </datafield>
  <datafield tag="024" ind1="7" ind2=" ">
    <subfield code="a">Q59832452</subfield>
    <subfield code="2">wikidata</subfield>
  </datafield>
  <datafield tag="040" ind1=" " ind2=" ">
    <subfield code="a">BOA001</subfield>
    <subfield code="b">cze</subfield>
    <subfield code="e">rda</subfield>
  </datafield>
  <datafield tag="046" ind1=" " ind2=" ">
    <subfield code="f">1935</subfield>
  </datafield>
  <datafield tag="100" ind1="1" ind2=" ">
    <subfield code="a">Tilling, Robert I.,</subfield>
    <subfield code="d">1935-</subfield>
    <subfield code="7">mzk20201091407</subfield>
  </datafield>
  <datafield tag="370" ind1=" " ind2=" ">
    <subfield code="c">Spojené státy americké</subfield>
  </datafield>
  <datafield tag="372" ind1=" " ind2=" ">
    <subfield code="a">vulkanologie</subfield>
  </datafield>
  <datafield tag="374" ind1=" " ind2=" ">
    <subfield code="a">vulkanologové</subfield>
  </datafield>
  <datafield tag="375" ind1=" " ind2=" ">
    <subfield code="a">muž</subfield>
  </datafield>
  <datafield tag="377" ind1=" " ind2=" ">
    <subfield code="a">eng</subfield>
  </datafield>
  <datafield tag="400" ind1="1" ind2=" ">
    <subfield code="a">Tilling, R. I.</subfield>
    <subfield code="q">(Robert I.),</subfield>
    <subfield code="d">1935-</subfield>
    <subfield code="0">o</subfield>
  </datafield>
  <datafield tag="670" ind1=" " ind2=" ">
    <subfield code="a">Tilling, Robert I. - Gottfried, David: Distribution of thorium, uranium, and potassium in igneous rocks of the Boulder Batholith Region, Montana, and its bearing on radiogenic heat production and heat flow, 1969</subfield>
  </datafield>
  <datafield tag="670" ind1=" " ind2=" ">
    <subfield code="a">LC (Names), cit. 4. 11. 2020</subfield>
    <subfield code="b">autoritní forma, odkaz viz, biografické údaje, rok narození</subfield>
  </datafield>
  <datafield tag="678" ind1="0" ind2=" ">
    <subfield code="a">Americký vulkanolog.</subfield>
  </datafield>
  <datafield tag="906" ind1=" " ind2=" ">
    <subfield code="a">za20201104</subfield>
    <subfield code="b">basiil</subfield>
  </datafield>
</record>