

<record>
  <leader>     nz  a22     n  4500</leader>
  <datafield tag="900" ind1=" " ind2=" ">
    <subfield code="a">*J-NÁVRH</subfield>
  </datafield>
  <controlfield tag="001">ola20201091416</controlfield>
  <controlfield tag="003">CZ PrNK</controlfield>
  <controlfield tag="005">20201104084119.0</controlfield>
  <controlfield tag="008">201104|n|aznnnaabn           n a|a      </controlfield>
  <datafield tag="040" ind1=" " ind2=" ">
    <subfield code="a">OLA001</subfield>
    <subfield code="b">cze</subfield>
    <subfield code="e">rda</subfield>
  </datafield>
  <datafield tag="046" ind1=" " ind2=" ">
    <subfield code="f">1891</subfield>
    <subfield code="g">1946</subfield>
  </datafield>
  <datafield tag="100" ind1="1" ind2=" ">
    <subfield code="a">Nossek, Meinrad,</subfield>
    <subfield code="d">1891-1946</subfield>
    <subfield code="7">ola20201091416</subfield>
  </datafield>
  <datafield tag="368" ind1=" " ind2=" ">
    <subfield code="d">OCist</subfield>
  </datafield>
  <datafield tag="370" ind1=" " ind2=" ">
    <subfield code="a">Rudník, Česko</subfield>
    <subfield code="b">Wiener Neustadt, Rakousko</subfield>
    <subfield code="c">Česko</subfield>
    <subfield code="c">Rakousko</subfield>
  </datafield>
  <datafield tag="372" ind1=" " ind2=" ">
    <subfield code="a">křesťanství</subfield>
    <subfield code="a">řeholní život</subfield>
    <subfield code="a">náboženská výchova</subfield>
    <subfield code="a">poezie</subfield>
  </datafield>
  <datafield tag="374" ind1=" " ind2=" ">
    <subfield code="a">řeholníci</subfield>
    <subfield code="a">učitelé</subfield>
    <subfield code="a">básníci</subfield>
  </datafield>
  <datafield tag="375" ind1=" " ind2=" ">
    <subfield code="a">muž</subfield>
  </datafield>
  <datafield tag="377" ind1=" " ind2=" ">
    <subfield code="a">ger</subfield>
  </datafield>
  <datafield tag="400" ind1="1" ind2=" ">
    <subfield code="a">Nossek, Meinrad Alexius,</subfield>
    <subfield code="d">1891-1946</subfield>
    <subfield code="0">o</subfield>
  </datafield>
  <datafield tag="400" ind1="1" ind2=" ">
    <subfield code="a">Nossek, Alexius,</subfield>
    <subfield code="d">1891-1946</subfield>
    <subfield code="0">o</subfield>
  </datafield>
  <datafield tag="400" ind1="1" ind2=" ">
    <subfield code="a">Nossek, Meinrad Alexis,</subfield>
    <subfield code="d">1891-1946</subfield>
    <subfield code="0">o</subfield>
  </datafield>
  <datafield tag="670" ind1=" " ind2=" ">
    <subfield code="a">P. Meinrad: Ich möcht om liebsta hejm : Mundartgedichte aus dem Riesengebirge, ©1962</subfield>
    <subfield code="b">odkaz viz, biografické údaje</subfield>
  </datafield>
  <datafield tag="670" ind1=" " ind2=" ">
    <subfield code="a">ONB, cit. 4. 11. 2020</subfield>
    <subfield code="b">autoritní forma, datum narození a úmrtí</subfield>
  </datafield>
  <datafield tag="670" ind1=" " ind2=" ">
    <subfield code="a">DNB, cit. 4. 11. 2020</subfield>
    <subfield code="b">autoritní forma, datum narození a úmrtí, odkaz viz, biografické údaje</subfield>
  </datafield>
  <datafield tag="670" ind1=" " ind2=" ">
    <subfield code="a">www(Biographia Cisterciensis ), cit. 4. 11. 2020</subfield>
    <subfield code="b">autoritní forma, datum narození a úmrtí, odkaz viz, biografické údaje</subfield>
  </datafield>
  <datafield tag="670" ind1=" " ind2=" ">
    <subfield code="a">www(Austrian Centre for Digital Humanities and Cultural Heritage, Österreichisches Biographisches Lexikon), cit. 4. 11. 2020</subfield>
    <subfield code="b">odkaz viz, datum narození a úmrtí, biografické údaje</subfield>
  </datafield>
  <datafield tag="670" ind1=" " ind2=" ">
    <subfield code="a">www(Wikipedia, die freie Enzyklopädie), cit. 4. 11. 2020</subfield>
    <subfield code="b">odkaz viz, datum narození a úmrtí, biografické údaje</subfield>
    <subfield code="u">https://de.wikipedia.org/wiki/Meinrad_Alexius_Nossek</subfield>
  </datafield>
  <datafield tag="678" ind1="0" ind2=" ">
    <subfield code="a">Narozen 12. 10. 1891 v Arnultovicích (část obce Rudník), zemřel 6. 12. 1946 ve Wiener Neustadtu. Česko-rakouský cisterciácký řeholní bratr, učitel a básník. Studoval teologii.</subfield>
  </datafield>
  <datafield tag="906" ind1=" " ind2=" ">
    <subfield code="a">ko20201104</subfield>
    <subfield code="b">vepo</subfield>
  </datafield>
</record>