

<record>
  <leader>     nz  a22     n  4500</leader>
  <controlfield tag="001">unn20201091426</controlfield>
  <controlfield tag="003">CZ PrNK</controlfield>
  <controlfield tag="005">20201104092130.0</controlfield>
  <controlfield tag="008">201104|n|aznnnaabn           n a|a      </controlfield>
  <datafield tag="040" ind1=" " ind2=" ">
    <subfield code="a">ABA001</subfield>
    <subfield code="b">cze</subfield>
    <subfield code="e">rda</subfield>
  </datafield>
  <datafield tag="046" ind1=" " ind2=" ">
    <subfield code="k">2019</subfield>
  </datafield>
  <datafield tag="130" ind1=" " ind2="0">
    <subfield code="a">Motherless Brooklyn (film)</subfield>
    <subfield code="7">unn20201091426</subfield>
  </datafield>
  <datafield tag="370" ind1=" " ind2=" ">
    <subfield code="g">Spojené státy americké</subfield>
    <subfield code="g">Kanada</subfield>
  </datafield>
  <datafield tag="380" ind1=" " ind2=" ">
    <subfield code="a">hrané filmy</subfield>
    <subfield code="a">kriminální filmy</subfield>
    <subfield code="a">filmové adaptace</subfield>
  </datafield>
  <datafield tag="430" ind1=" " ind2="0">
    <subfield code="i">Česká varianta názvu:</subfield>
    <subfield code="a">Temná tvář Brooklynu (film)</subfield>
    <subfield code="0">o</subfield>
  </datafield>
  <datafield tag="430" ind1=" " ind2="0">
    <subfield code="i">Preferovaný název LC:</subfield>
    <subfield code="a">Motherless Brooklyn (Motion picture)</subfield>
    <subfield code="0">o</subfield>
  </datafield>
  <datafield tag="500" ind1="1" ind2=" ">
    <subfield code="w">r</subfield>
    <subfield code="i">Režie:</subfield>
    <subfield code="a">Norton, Edward,</subfield>
    <subfield code="d">1969-</subfield>
    <subfield code="7">xx0034493</subfield>
    <subfield code="4">drt</subfield>
  </datafield>
  <datafield tag="500" ind1="1" ind2=" ">
    <subfield code="w">r</subfield>
    <subfield code="i">Předloha:</subfield>
    <subfield code="a">Lethem, Jonathan,</subfield>
    <subfield code="d">1964-</subfield>
    <subfield code="t">Motherless Brooklyn</subfield>
    <subfield code="7">aun20201091424</subfield>
  </datafield>
  <datafield tag="670" ind1=" " ind2=" ">
    <subfield code="a">www(Česko-Slovenská filmová databáze), cit. 4. 11. 2020</subfield>
  </datafield>
  <datafield tag="678" ind1=" " ind2=" ">
    <subfield code="a">Americký kriminální a detektivní film byl natočen v roce 2019 podle detektivního románu J. Lethema Sirotci z Brooklynu.</subfield>
  </datafield>
  <datafield tag="856" ind1="4" ind2="2">
    <subfield code="u">https://www.csfd.cz/film/594102-temna-tvar-brooklynu/prehled/</subfield>
    <subfield code="4">N</subfield>
  </datafield>
  <datafield tag="906" ind1=" " ind2=" ">
    <subfield code="a">br20201104</subfield>
    <subfield code="b">maba</subfield>
  </datafield>
</record>