

<record>
  <leader>     nz  a22     n  4500</leader>
  <datafield tag="900" ind1=" " ind2=" ">
    <subfield code="a">J-NÁVRH-STT</subfield>
  </datafield>
  <controlfield tag="001">ntk20201091439</controlfield>
  <controlfield tag="003">CZ PrNK</controlfield>
  <controlfield tag="005">20201104095934.0</controlfield>
  <controlfield tag="008">201104|n|aznnnaabn           n a|a      </controlfield>
  <datafield tag="024" ind1="7" ind2=" ">
    <subfield code="a">0000000073402802</subfield>
    <subfield code="2">isni</subfield>
  </datafield>
  <datafield tag="040" ind1=" " ind2=" ">
    <subfield code="a">ABA013</subfield>
    <subfield code="b">cze</subfield>
    <subfield code="e">rda</subfield>
  </datafield>
  <datafield tag="046" ind1=" " ind2=" ">
    <subfield code="g">1698</subfield>
  </datafield>
  <datafield tag="100" ind1="1" ind2=" ">
    <subfield code="a">Meer, Nicol. vander,</subfield>
    <subfield code="d">-1698</subfield>
    <subfield code="7">ntk20201091439</subfield>
  </datafield>
  <datafield tag="370" ind1=" " ind2=" ">
    <subfield code="c">Nizozemsko</subfield>
    <subfield code="f">Leiden, Nizozemsko</subfield>
    <subfield code="f">Otterlo, Nizozemsko</subfield>
    <subfield code="f">Nijkerk, Nizozemsko</subfield>
    <subfield code="f">Zutphen, Nizozemsko</subfield>
  </datafield>
  <datafield tag="372" ind1=" " ind2=" ">
    <subfield code="a">protestantská teologie</subfield>
    <subfield code="a">protestantismus</subfield>
    <subfield code="a">překlady do nizozemštiny</subfield>
  </datafield>
  <datafield tag="374" ind1=" " ind2=" ">
    <subfield code="a">protestantští teologové</subfield>
    <subfield code="a">pastoři</subfield>
    <subfield code="a">kazatelé</subfield>
    <subfield code="a">překladatelé</subfield>
  </datafield>
  <datafield tag="375" ind1=" " ind2=" ">
    <subfield code="a">muž</subfield>
  </datafield>
  <datafield tag="377" ind1=" " ind2=" ">
    <subfield code="a">dut</subfield>
    <subfield code="a">lat</subfield>
    <subfield code="a">ger</subfield>
  </datafield>
  <datafield tag="400" ind1="1" ind2=" ">
    <subfield code="a">Meer, Nicolaus vander,</subfield>
    <subfield code="d">-1698</subfield>
    <subfield code="0">o</subfield>
  </datafield>
  <datafield tag="400" ind1="1" ind2=" ">
    <subfield code="a">Meer, Nicolaus van der,</subfield>
    <subfield code="d">-1698</subfield>
    <subfield code="0">o</subfield>
  </datafield>
  <datafield tag="400" ind1="1" ind2=" ">
    <subfield code="a">Meer, Nikolaus van der,</subfield>
    <subfield code="d">-1698</subfield>
    <subfield code="0">o</subfield>
  </datafield>
  <datafield tag="400" ind1="1" ind2=" ">
    <subfield code="a">Meer, Nicolaas van der,</subfield>
    <subfield code="d">-1698</subfield>
    <subfield code="0">o</subfield>
  </datafield>
  <datafield tag="400" ind1="1" ind2=" ">
    <subfield code="a">Van der Meer, Nicolaas,</subfield>
    <subfield code="d">-1698</subfield>
    <subfield code="0">o</subfield>
  </datafield>
  <datafield tag="400" ind1="1" ind2=" ">
    <subfield code="a">Meer, Nicolas van der,</subfield>
    <subfield code="d">-1698</subfield>
    <subfield code="0">o</subfield>
  </datafield>
  <datafield tag="400" ind1="1" ind2=" ">
    <subfield code="a">Vander Meer, Nicolaas,</subfield>
    <subfield code="d">-1698</subfield>
    <subfield code="0">o</subfield>
  </datafield>
  <datafield tag="667" ind1=" " ind2=" ">
    <subfield code="a">Zdroj KB - NBN u popisované osoby uvádí v záhlaví autoritního záznamu také doplněk s označením profese.</subfield>
  </datafield>
  <datafield tag="670" ind1=" " ind2=" ">
    <subfield code="a">FRANCISCI à SCHOOTEN LEYDENSIS, ..., EXERCITATIONVM MATHEMATICARUM LIBRI QUINQUE. LVGD. BATAV.: Ex officina JOHANNIS ELSEVIRII, Academiæ Typographi, 1656-1657. [Dedikace]: ... D. NICOLAO vander MEER</subfield>
    <subfield code="b">odkaz viz (na s. 294)</subfield>
    <subfield code="u">http://books.google.com/books?vid=KBNL:KBNLB810027444</subfield>
  </datafield>
  <datafield tag="670" ind1=" " ind2=" ">
    <subfield code="a">KB - NBN, cit. 4. 11. 2020</subfield>
    <subfield code="b">autoritní forma, odkazy viz, rok úmrtí, profese</subfield>
    <subfield code="u">https://opc-kb.oclc.org/DB=1/XMLPRS=Y/PPN?PPN=069618445</subfield>
  </datafield>
  <datafield tag="670" ind1=" " ind2=" ">
    <subfield code="a">www(STCN), cit. 4. 11. 2020</subfield>
    <subfield code="b">autoritní forma, identifikátor ISNI</subfield>
    <subfield code="u">https://picarta.oclc.org/psi/DB=3.11/XMLPRS=Y/PPN?PPN=069618445</subfield>
  </datafield>
  <datafield tag="678" ind1="0" ind2=" ">
    <subfield code="a">Nizozemský protestantský kazatel. Působil na Leidenské univerzitě (1677), dále v Otterlo (1679-1682), Nijkerku (1682-1689), Wezelu (1689-1694) a Zutphenu (1694-1698). Překládal žalmy do nizozemštiny. V publikacích 17. století vystupuje také v roli dedikanta.</subfield>
  </datafield>
  <datafield tag="906" ind1=" " ind2=" ">
    <subfield code="a">za20201104</subfield>
    <subfield code="b">evbr</subfield>
  </datafield>
  <datafield tag="906" ind1=" " ind2=" ">
    <subfield code="a">ko20201104</subfield>
    <subfield code="b">evbr</subfield>
  </datafield>
</record>