

<record>
  <leader>     cz  a22     n  4500</leader>
  <controlfield tag="001">ko20201091441</controlfield>
  <controlfield tag="003">CZ PrNK</controlfield>
  <controlfield tag="005">20201106123420.0</controlfield>
  <controlfield tag="008">201104|n|aznnnaabn          ln a|a      </controlfield>
  <datafield tag="040" ind1=" " ind2=" ">
    <subfield code="a">ABA001</subfield>
    <subfield code="b">cze</subfield>
    <subfield code="d">ABA001</subfield>
    <subfield code="e">rda</subfield>
  </datafield>
  <datafield tag="110" ind1="1" ind2=" ">
    <subfield code="a">Benešov (Česko : okres : 1868-1949).</subfield>
    <subfield code="b">Okresní zastupitelstvo.</subfield>
    <subfield code="b">Okresní výbor</subfield>
    <subfield code="7">ko20201091441</subfield>
  </datafield>
  <datafield tag="368" ind1=" " ind2=" ">
    <subfield code="a">okresní úřady</subfield>
    <subfield code="a">správní orgány</subfield>
    <subfield code="a">zastupitelské úřady</subfield>
  </datafield>
  <datafield tag="370" ind1=" " ind2=" ">
    <subfield code="c">Česko</subfield>
    <subfield code="e">Benešov, Česko</subfield>
    <subfield code="f">Benešov, Česko</subfield>
  </datafield>
  <datafield tag="372" ind1=" " ind2=" ">
    <subfield code="a">státní správa</subfield>
    <subfield code="a">okresy</subfield>
  </datafield>
  <datafield tag="377" ind1=" " ind2=" ">
    <subfield code="a">cze</subfield>
  </datafield>
  <datafield tag="410" ind1="2" ind2=" ">
    <subfield code="a">Okresní výbor Okresního zastupitelstva v Benešově u Prahy</subfield>
    <subfield code="0">o</subfield>
  </datafield>
  <datafield tag="670" ind1=" " ind2=" ">
    <subfield code="a">Zpráva okresního výboru o veškeré činnosti Okresního zastupitelstva v Benešově u Prahy : za ...</subfield>
  </datafield>
  <datafield tag="906" ind1=" " ind2=" ">
    <subfield code="a">za20201104</subfield>
    <subfield code="b">vemo</subfield>
  </datafield>
  <datafield tag="906" ind1=" " ind2=" ">
    <subfield code="a">op20201106</subfield>
    <subfield code="b">svsv</subfield>
    <subfield code="c">Viz - nově; Další info - nově; Související místo - nově; Oblast působení - nově; Jazyk - nově</subfield>
  </datafield>
</record>