

<record>
  <leader>     nz  a22     n  4500</leader>
  <datafield tag="900" ind1=" " ind2=" ">
    <subfield code="a">*J-NÁVRH</subfield>
  </datafield>
  <controlfield tag="001">ntk20201091443</controlfield>
  <controlfield tag="003">CZ PrNK</controlfield>
  <controlfield tag="005">20201104100755.0</controlfield>
  <controlfield tag="008">201104|n|aznnnaabn           n a|a      </controlfield>
  <datafield tag="024" ind1="7" ind2=" ">
    <subfield code="a">Q57526062</subfield>
    <subfield code="2">wikidata</subfield>
  </datafield>
  <datafield tag="024" ind1="7" ind2=" ">
    <subfield code="a">0000-0003-3000-8444</subfield>
    <subfield code="2">orcid</subfield>
  </datafield>
  <datafield tag="040" ind1=" " ind2=" ">
    <subfield code="a">ABA013</subfield>
    <subfield code="b">cze</subfield>
    <subfield code="e">rda</subfield>
  </datafield>
  <datafield tag="046" ind1=" " ind2=" ">
    <subfield code="f">1964</subfield>
  </datafield>
  <datafield tag="100" ind1="1" ind2=" ">
    <subfield code="a">Nardini, Sergio,</subfield>
    <subfield code="d">1964-</subfield>
    <subfield code="7">ntk20201091443</subfield>
  </datafield>
  <datafield tag="368" ind1=" " ind2=" ">
    <subfield code="d">Ph.D.</subfield>
    <subfield code="s">1994</subfield>
  </datafield>
  <datafield tag="370" ind1=" " ind2=" ">
    <subfield code="c">Itálie</subfield>
  </datafield>
  <datafield tag="372" ind1=" " ind2=" ">
    <subfield code="a">termodynamika</subfield>
    <subfield code="a">sdílení tepla</subfield>
    <subfield code="a">sdílení tepla prouděním</subfield>
    <subfield code="a">nanofluidika</subfield>
    <subfield code="a">nanotekutiny</subfield>
    <subfield code="a">teplo</subfield>
    <subfield code="a">energie</subfield>
    <subfield code="a">energetika</subfield>
    <subfield code="a">energetické soustavy</subfield>
  </datafield>
  <datafield tag="373" ind1=" " ind2=" ">
    <subfield code="a">Università degli studi della Campania Luigi Vanvitelli</subfield>
    <subfield code="s">2001</subfield>
    <subfield code="2">LC (Names)</subfield>
  </datafield>
  <datafield tag="374" ind1=" " ind2=" ">
    <subfield code="a">inženýři</subfield>
    <subfield code="a">vysokoškolští učitelé</subfield>
    <subfield code="a">vědci</subfield>
  </datafield>
  <datafield tag="375" ind1=" " ind2=" ">
    <subfield code="a">muž</subfield>
  </datafield>
  <datafield tag="377" ind1=" " ind2=" ">
    <subfield code="a">eng</subfield>
    <subfield code="a">ita</subfield>
  </datafield>
  <datafield tag="667" ind1=" " ind2=" ">
    <subfield code="a">ICCU uvádí v záhlaví z důvodu odlišení autorů stejného jména jako doplněk povolání autora "professore associato".</subfield>
  </datafield>
  <datafield tag="670" ind1=" " ind2=" ">
    <subfield code="a">Bianco, Vincenzo - Manca, Oronzio - Nardini, Sergio (eds.) et al.: Heat transfer enhancement with nanofluids, c2015</subfield>
  </datafield>
  <datafield tag="670" ind1=" " ind2=" ">
    <subfield code="a">ICCU, cit. 4. 11. 2020</subfield>
    <subfield code="b">autoritní forma</subfield>
  </datafield>
  <datafield tag="670" ind1=" " ind2=" ">
    <subfield code="a">www(Università degli studi della Campania Luigi Vanvitelli - Sergio Nardini), cit, 4. 11. 2020</subfield>
    <subfield code="b">biografické a profesní údaje, datum narození, národnost</subfield>
  </datafield>
  <datafield tag="670" ind1=" " ind2=" ">
    <subfield code="a">www(osobní stránka), cit. 4. 11. 2020</subfield>
    <subfield code="b">biografické a profesní údajeúdaje</subfield>
    <subfield code="u">https://sites.google.com/site/profsergionardini/</subfield>
  </datafield>
  <datafield tag="678" ind1="0" ind2=" ">
    <subfield code="a">Italský inženýr, vysokoškolský pedagog a výzkumný pracovník se zaměřením na aplikovanou termodynamiku, sdílení tepla, tepelnou energii a energetiku. Jeho výzkum zahrnuje přenos tepla, solární systémy, vedení tepla v pevných látkách, nanofluidika, nanotekutiny a sdílení tepla prouděním. Publikace v oboru působnosti.</subfield>
  </datafield>
  <datafield tag="906" ind1=" " ind2=" ">
    <subfield code="a">za20201104</subfield>
    <subfield code="b">pavk</subfield>
  </datafield>
</record>