

<record>
  <leader>     nz  a22     n  4500</leader>
  <datafield tag="900" ind1=" " ind2=" ">
    <subfield code="a">J-NÁVRH-STT</subfield>
  </datafield>
  <controlfield tag="001">ntk20201091444</controlfield>
  <controlfield tag="003">CZ PrNK</controlfield>
  <controlfield tag="005">20201104123404.0</controlfield>
  <controlfield tag="008">201104|n|aznnnaabn           n a|a      </controlfield>
  <datafield tag="024" ind1="7" ind2=" ">
    <subfield code="a">0000000387061051</subfield>
    <subfield code="2">isni</subfield>
  </datafield>
  <datafield tag="040" ind1=" " ind2=" ">
    <subfield code="a">ABA013</subfield>
    <subfield code="b">cze</subfield>
    <subfield code="e">rda</subfield>
  </datafield>
  <datafield tag="046" ind1=" " ind2=" ">
    <subfield code="f">1573</subfield>
    <subfield code="g">1655</subfield>
  </datafield>
  <datafield tag="100" ind1="1" ind2=" ">
    <subfield code="a">Baersdorp, Clemens,</subfield>
    <subfield code="d">1573-1655</subfield>
    <subfield code="7">ntk20201091444</subfield>
  </datafield>
  <datafield tag="370" ind1=" " ind2=" ">
    <subfield code="c">Nizozemsko</subfield>
    <subfield code="f">Leiden, Nizozemsko</subfield>
  </datafield>
  <datafield tag="372" ind1=" " ind2=" ">
    <subfield code="a">právo</subfield>
    <subfield code="a">politika</subfield>
  </datafield>
  <datafield tag="374" ind1=" " ind2=" ">
    <subfield code="a">právníci</subfield>
  </datafield>
  <datafield tag="375" ind1=" " ind2=" ">
    <subfield code="a">muž</subfield>
  </datafield>
  <datafield tag="377" ind1=" " ind2=" ">
    <subfield code="a">lat</subfield>
  </datafield>
  <datafield tag="400" ind1="1" ind2=" ">
    <subfield code="a">Baersdorp, Clemens van,</subfield>
    <subfield code="d">1573-1655</subfield>
    <subfield code="0">o</subfield>
  </datafield>
  <datafield tag="400" ind1="1" ind2=" ">
    <subfield code="a">Baesdorf, Clemens van,</subfield>
    <subfield code="d">1573-1655</subfield>
    <subfield code="0">o</subfield>
  </datafield>
  <datafield tag="400" ind1="1" ind2=" ">
    <subfield code="a">Baesdorff, Clemens van,</subfield>
    <subfield code="d">1573-1655</subfield>
    <subfield code="0">o</subfield>
  </datafield>
  <datafield tag="400" ind1="1" ind2=" ">
    <subfield code="a">Baesdorp, Clemens van,</subfield>
    <subfield code="d">1573-1655</subfield>
    <subfield code="0">o</subfield>
  </datafield>
  <datafield tag="400" ind1="1" ind2=" ">
    <subfield code="a">Van Baersdorp, Clemens,</subfield>
    <subfield code="d">1573-1655</subfield>
    <subfield code="0">o</subfield>
  </datafield>
  <datafield tag="670" ind1=" " ind2=" ">
    <subfield code="a">FRANCISCI à SCHOOTEN LEYDENSIS, ..., EXERCITATIONVM MATHEMATICARUM LIBRI QUINQUE. LVGD. BATAV.: Ex officina JOHANNIS ELSEVIRII, Academiæ Typographi, 1656-1657. [Dedikace]: ... D. CLEMENTI à BAERSDORP JCto ...</subfield>
    <subfield code="b">odkaz viz (na s. 294)</subfield>
    <subfield code="u">http://books.google.com/books?vid=KBNL:KBNLB810027444</subfield>
  </datafield>
  <datafield tag="670" ind1=" " ind2=" ">
    <subfield code="a">www(STCN), cit. 4. 11. 2020</subfield>
    <subfield code="b">autoritní forma, odkazy viz, datum činnosti</subfield>
  </datafield>
  <datafield tag="670" ind1=" " ind2=" ">
    <subfield code="a">Sluijter, R. G. M. 'Tot ciraet, vermeerderinge ende heerlyckmaeckinge der universiteyt': bestuur, instellingen, personeel en financiën van de Leidse universiteit, 1575-1812. Hilversum: Verloren, 2004. ISBN 90-6550-754-X</subfield>
    <subfield code="b">datum narození a úmrtí, profese (Baersdorp, Clemens van" (1573-1655) rentmeester) na s. 333 (Index op persoonsnamen)</subfield>
    <subfield code="u">https://books.google.cz/books?id=DfK4_OE0YcgC</subfield>
  </datafield>
  <datafield tag="675" ind1=" " ind2=" ">
    <subfield code="a">KB - NBN, cit. 4. 11. 2020</subfield>
  </datafield>
  <datafield tag="678" ind1="0" ind2=" ">
    <subfield code="a">Nizozemský právník činný v Leidenu. V publikacích 17. století vystupuje také v roli dedikanta.</subfield>
  </datafield>
  <datafield tag="906" ind1=" " ind2=" ">
    <subfield code="a">za20201104</subfield>
    <subfield code="b">evbr</subfield>
  </datafield>
  <datafield tag="906" ind1=" " ind2=" ">
    <subfield code="a">ko20201104</subfield>
    <subfield code="b">evbr</subfield>
  </datafield>
</record>