

<record>
  <leader>     nz  a22     n  4500</leader>
  <controlfield tag="001">mub20201091452</controlfield>
  <controlfield tag="003">CZ PrNK</controlfield>
  <controlfield tag="005">20201105082843.0</controlfield>
  <controlfield tag="008">201104|n|aznnnaabn           n a|a      </controlfield>
  <datafield tag="040" ind1=" " ind2=" ">
    <subfield code="a">BOD004</subfield>
    <subfield code="b">cze</subfield>
    <subfield code="d">ABA001</subfield>
    <subfield code="e">rda</subfield>
  </datafield>
  <datafield tag="100" ind1="1" ind2=" ">
    <subfield code="a">Kahle, Waltraud</subfield>
    <subfield code="7">mub20201091452</subfield>
  </datafield>
  <datafield tag="370" ind1=" " ind2=" ">
    <subfield code="c">Německo</subfield>
  </datafield>
  <datafield tag="372" ind1=" " ind2=" ">
    <subfield code="a">matematika</subfield>
    <subfield code="a">stochastické procesy</subfield>
  </datafield>
  <datafield tag="374" ind1=" " ind2=" ">
    <subfield code="a">vysokoškolské učitelky</subfield>
    <subfield code="a">matematičky</subfield>
  </datafield>
  <datafield tag="375" ind1=" " ind2=" ">
    <subfield code="a">žena</subfield>
  </datafield>
  <datafield tag="377" ind1=" " ind2=" ">
    <subfield code="a">ger</subfield>
    <subfield code="a">eng</subfield>
  </datafield>
  <datafield tag="670" ind1=" " ind2=" ">
    <subfield code="a">Kahle, Waltraud - Mercier, Sophie - Paroissin, Christian : Degradation processes in reliability, 2016</subfield>
    <subfield code="b">profesní údaje</subfield>
  </datafield>
  <datafield tag="670" ind1=" " ind2=" ">
    <subfield code="a">DNB, cit. 4. 11. 2020</subfield>
    <subfield code="b">autoritní forma, národnost, profesní údaje</subfield>
  </datafield>
  <datafield tag="678" ind1="0" ind2=" ">
    <subfield code="a">Německá vysokoškolská pedagožka matematiky na Univeristé Otto von Guericke Magdeburg, specialistka na stochastiku.</subfield>
  </datafield>
  <datafield tag="906" ind1=" " ind2=" ">
    <subfield code="a">za20201104</subfield>
    <subfield code="b">drimlova</subfield>
  </datafield>
  <datafield tag="906" ind1=" " ind2=" ">
    <subfield code="a">ko20201104</subfield>
    <subfield code="b">pospel</subfield>
  </datafield>
  <datafield tag="906" ind1=" " ind2=" ">
    <subfield code="a">vr20201105</subfield>
    <subfield code="b">maku</subfield>
  </datafield>
</record>