

<record>
  <leader>     nz  a22     n  4500</leader>
  <controlfield tag="001">unn20201091458</controlfield>
  <controlfield tag="003">CZ PrNK</controlfield>
  <controlfield tag="005">20201104105344.0</controlfield>
  <controlfield tag="008">201104|n|aznnnaabn           n a|a      </controlfield>
  <datafield tag="040" ind1=" " ind2=" ">
    <subfield code="a">ABA001</subfield>
    <subfield code="b">cze</subfield>
    <subfield code="e">rda</subfield>
  </datafield>
  <datafield tag="046" ind1=" " ind2=" ">
    <subfield code="k">2020</subfield>
  </datafield>
  <datafield tag="130" ind1=" " ind2="0">
    <subfield code="a">Onward (film)</subfield>
    <subfield code="7">unn20201091458</subfield>
  </datafield>
  <datafield tag="370" ind1=" " ind2=" ">
    <subfield code="g">Spojené státy americké</subfield>
  </datafield>
  <datafield tag="380" ind1=" " ind2=" ">
    <subfield code="a">animované filmy</subfield>
    <subfield code="a">komedie (filmy)</subfield>
    <subfield code="a">rodinné filmy</subfield>
    <subfield code="a">fantasy filmy</subfield>
  </datafield>
  <datafield tag="430" ind1=" " ind2="0">
    <subfield code="i">Česká varianta názvu:</subfield>
    <subfield code="a">Frčíme (film)</subfield>
    <subfield code="0">o</subfield>
  </datafield>
  <datafield tag="430" ind1=" " ind2="0">
    <subfield code="i">Preferovaný název LC:</subfield>
    <subfield code="a">Onward (Motion picture)</subfield>
    <subfield code="0">o</subfield>
  </datafield>
  <datafield tag="500" ind1="1" ind2=" ">
    <subfield code="w">r</subfield>
    <subfield code="i">Režie:</subfield>
    <subfield code="a">Scanlon, Dan,</subfield>
    <subfield code="d">1976-</subfield>
    <subfield code="7">xx0179001</subfield>
    <subfield code="4">drt</subfield>
  </datafield>
  <datafield tag="678" ind1=" " ind2=" ">
    <subfield code="a">Americký rodinný fantasy film byl natočen v roce 2020.</subfield>
  </datafield>
  <datafield tag="906" ind1=" " ind2=" ">
    <subfield code="a">br20201104</subfield>
    <subfield code="b">maba</subfield>
  </datafield>
</record>