

<record>
  <leader>     cz  a22     n  4500</leader>
  <controlfield tag="001">ko20201091476</controlfield>
  <controlfield tag="003">CZ PrNK</controlfield>
  <controlfield tag="005">20201105064257.0</controlfield>
  <controlfield tag="008">201104|n|aznnnaabn           n a|a      </controlfield>
  <datafield tag="040" ind1=" " ind2=" ">
    <subfield code="a">ABA001</subfield>
    <subfield code="b">cze</subfield>
    <subfield code="d">ABA001</subfield>
    <subfield code="e">rda</subfield>
  </datafield>
  <datafield tag="110" ind1="2" ind2=" ">
    <subfield code="a">Aliancia za rodinu</subfield>
    <subfield code="7">ko20201091476</subfield>
  </datafield>
  <datafield tag="368" ind1=" " ind2=" ">
    <subfield code="a">spolky</subfield>
  </datafield>
  <datafield tag="370" ind1=" " ind2=" ">
    <subfield code="c">Slovensko</subfield>
    <subfield code="e">Šenkvice, Slovensko</subfield>
  </datafield>
  <datafield tag="372" ind1=" " ind2=" ">
    <subfield code="a">rodina</subfield>
    <subfield code="a">manželství</subfield>
  </datafield>
  <datafield tag="377" ind1=" " ind2=" ">
    <subfield code="a">slo</subfield>
  </datafield>
  <datafield tag="410" ind1="2" ind2=" ">
    <subfield code="a">AZR</subfield>
    <subfield code="0">o</subfield>
  </datafield>
  <datafield tag="670" ind1=" " ind2=" ">
    <subfield code="a">Beňa, Peter: Regulácia hazardných hier na Slovensku</subfield>
  </datafield>
  <datafield tag="670" ind1=" " ind2=" ">
    <subfield code="a">www(Wikipédia, slobodná encyklopédia), cit. 4. 11. 2020</subfield>
    <subfield code="u">https://cs.wikipedia.org/wiki/Aliancia_za_rodinu</subfield>
  </datafield>
  <datafield tag="670" ind1=" " ind2=" ">
    <subfield code="a">www(Aliancia za rodinu), cit. 4. 11. 2020</subfield>
    <subfield code="u">https://www.alianciazarodinu.sk/</subfield>
  </datafield>
  <datafield tag="906" ind1=" " ind2=" ">
    <subfield code="a">za20201104</subfield>
    <subfield code="b">kola</subfield>
  </datafield>
  <datafield tag="906" ind1=" " ind2=" ">
    <subfield code="a">op20201105</subfield>
    <subfield code="b">svsv</subfield>
    <subfield code="c">Viz - nově; URL - další výskyt; URL - oprava; Zdroj - další výskyt</subfield>
  </datafield>
</record>