

<record>
  <leader>     nz  a22     n  4500</leader>
  <controlfield tag="001">unn20201091484</controlfield>
  <controlfield tag="003">CZ PrNK</controlfield>
  <controlfield tag="005">20201104131735.0</controlfield>
  <controlfield tag="008">201104|n|aznnnaabn           n a|a      </controlfield>
  <datafield tag="040" ind1=" " ind2=" ">
    <subfield code="a">ABA001</subfield>
    <subfield code="b">cze</subfield>
    <subfield code="e">rda</subfield>
  </datafield>
  <datafield tag="046" ind1=" " ind2=" ">
    <subfield code="k">2019</subfield>
  </datafield>
  <datafield tag="130" ind1=" " ind2="0">
    <subfield code="a">Pets United (film)</subfield>
    <subfield code="7">unn20201091484</subfield>
  </datafield>
  <datafield tag="370" ind1=" " ind2=" ">
    <subfield code="g">Německo</subfield>
    <subfield code="g">Čína</subfield>
    <subfield code="g">Velká Británie</subfield>
  </datafield>
  <datafield tag="380" ind1=" " ind2=" ">
    <subfield code="a">animované filmy</subfield>
    <subfield code="a">dobrodružné filmy</subfield>
    <subfield code="a">komedie (filmy)</subfield>
    <subfield code="a">rodinné filmy</subfield>
  </datafield>
  <datafield tag="430" ind1=" " ind2="0">
    <subfield code="i">Česká varianta názvu:</subfield>
    <subfield code="a">Super mazlíčci (film)</subfield>
    <subfield code="0">o</subfield>
  </datafield>
  <datafield tag="500" ind1="1" ind2=" ">
    <subfield code="w">r</subfield>
    <subfield code="i">Režie:</subfield>
    <subfield code="a">Klooss, Reinhard,</subfield>
    <subfield code="d">1954-</subfield>
    <subfield code="7">xx0249966</subfield>
    <subfield code="4">drt</subfield>
  </datafield>
  <datafield tag="670" ind1=" " ind2=" ">
    <subfield code="a">www(Česko-Slovenská filmová databáze), cit. 4. 11. 2020</subfield>
  </datafield>
  <datafield tag="678" ind1=" " ind2=" ">
    <subfield code="a">Německo-čínsko-britský animovaný rodinný film byl natočen v roce 2019.</subfield>
  </datafield>
  <datafield tag="856" ind1="4" ind2="2">
    <subfield code="u">https://www.csfd.cz/film/787783-super-mazlicci/prehled/</subfield>
    <subfield code="4">N</subfield>
  </datafield>
  <datafield tag="906" ind1=" " ind2=" ">
    <subfield code="a">br20201104</subfield>
    <subfield code="b">maba</subfield>
  </datafield>
</record>