

<record>
  <leader>     cz  a22     n  4500</leader>
  <controlfield tag="001">ntk20201091490</controlfield>
  <controlfield tag="003">CZ PrNK</controlfield>
  <controlfield tag="005">20201104152036.0</controlfield>
  <controlfield tag="008">201104|n|aznnnaabn           n a|a      </controlfield>
  <datafield tag="024" ind1="7" ind2=" ">
    <subfield code="a">000000008343463X</subfield>
    <subfield code="2">isni</subfield>
  </datafield>
  <datafield tag="024" ind1="7" ind2=" ">
    <subfield code="a">Q102597</subfield>
    <subfield code="2">wikidata</subfield>
  </datafield>
  <datafield tag="040" ind1=" " ind2=" ">
    <subfield code="a">ABA013</subfield>
    <subfield code="b">cze</subfield>
    <subfield code="d">ABA001</subfield>
    <subfield code="e">rda</subfield>
  </datafield>
  <datafield tag="046" ind1=" " ind2=" ">
    <subfield code="f">1600</subfield>
    <subfield code="g">1671</subfield>
  </datafield>
  <datafield tag="100" ind1="1" ind2=" ">
    <subfield code="a">Curtz, Albert von,</subfield>
    <subfield code="d">1600-1671</subfield>
    <subfield code="7">ntk20201091490</subfield>
  </datafield>
  <datafield tag="368" ind1=" " ind2=" ">
    <subfield code="d">SI</subfield>
    <subfield code="s">1616</subfield>
    <subfield code="t">1671</subfield>
  </datafield>
  <datafield tag="368" ind1=" " ind2=" ">
    <subfield code="d">Graf von Friedland/Preußen</subfield>
  </datafield>
  <datafield tag="370" ind1=" " ind2=" ">
    <subfield code="a">Mnichov, Německo</subfield>
    <subfield code="b">Mnichov, Německo</subfield>
    <subfield code="c">Německo</subfield>
    <subfield code="f">Mnichov, Německo</subfield>
    <subfield code="f">Ingolstadt, Německo</subfield>
    <subfield code="f">Eichstätt, Německo</subfield>
    <subfield code="f">Neuburg an der Donau, Německo</subfield>
    <subfield code="f">Luzern, Švýcarsko</subfield>
    <subfield code="f">Vídeň, Rakousko</subfield>
  </datafield>
  <datafield tag="372" ind1=" " ind2=" ">
    <subfield code="a">teologie</subfield>
    <subfield code="a">matematika</subfield>
    <subfield code="a">geometrie</subfield>
    <subfield code="a">astronomie</subfield>
    <subfield code="a">Měsíc</subfield>
    <subfield code="a">překlady do němčiny</subfield>
  </datafield>
  <datafield tag="373" ind1=" " ind2=" ">
    <subfield code="a">Jezuité</subfield>
    <subfield code="s">1616</subfield>
    <subfield code="t">1671</subfield>
  </datafield>
  <datafield tag="374" ind1=" " ind2=" ">
    <subfield code="a">matematici</subfield>
    <subfield code="a">astronomové</subfield>
    <subfield code="a">teologové</subfield>
    <subfield code="a">filozofové</subfield>
    <subfield code="a">historici</subfield>
    <subfield code="a">učitelé</subfield>
    <subfield code="a">rektoři</subfield>
    <subfield code="a">překladatelé</subfield>
  </datafield>
  <datafield tag="375" ind1=" " ind2=" ">
    <subfield code="a">muž</subfield>
  </datafield>
  <datafield tag="377" ind1=" " ind2=" ">
    <subfield code="a">lat</subfield>
    <subfield code="a">ger</subfield>
  </datafield>
  <datafield tag="400" ind1="1" ind2=" ">
    <subfield code="a">Curtius, Albertus,</subfield>
    <subfield code="d">1600-1671</subfield>
    <subfield code="0">o</subfield>
  </datafield>
  <datafield tag="400" ind1="1" ind2=" ">
    <subfield code="a">Curtius, Albert,</subfield>
    <subfield code="d">1600-1671</subfield>
    <subfield code="0">o</subfield>
  </datafield>
  <datafield tag="400" ind1="1" ind2=" ">
    <subfield code="a">Curtz, Albertus,</subfield>
    <subfield code="d">1600-1671</subfield>
    <subfield code="0">o</subfield>
  </datafield>
  <datafield tag="400" ind1="1" ind2=" ">
    <subfield code="a">Curz, Albert von,</subfield>
    <subfield code="d">1600-1671</subfield>
    <subfield code="0">o</subfield>
  </datafield>
  <datafield tag="400" ind1="1" ind2=" ">
    <subfield code="a">Kurz, Albert von,</subfield>
    <subfield code="d">1600-1671</subfield>
    <subfield code="0">o</subfield>
  </datafield>
  <datafield tag="400" ind1="0" ind2=" ">
    <subfield code="a">H. A. von T.,</subfield>
    <subfield code="c">Nobilis Prussus,</subfield>
    <subfield code="d">1600-1671</subfield>
    <subfield code="0">o</subfield>
  </datafield>
  <datafield tag="400" ind1="0" ind2=" ">
    <subfield code="a">H. A. von T. N. P.,</subfield>
    <subfield code="d">1600-1671</subfield>
    <subfield code="0">o</subfield>
  </datafield>
  <datafield tag="400" ind1="1" ind2=" ">
    <subfield code="a">Tettau, Hans Abel von,</subfield>
    <subfield code="d">1600-1671</subfield>
    <subfield code="0">o</subfield>
  </datafield>
  <datafield tag="400" ind1="1" ind2=" ">
    <subfield code="a">Argyrander, Lycangelus,</subfield>
    <subfield code="d">1600-1671</subfield>
    <subfield code="0">o</subfield>
  </datafield>
  <datafield tag="400" ind1="0" ind2=" ">
    <subfield code="a">Lucius Veronensis,</subfield>
    <subfield code="d">1600-1671</subfield>
    <subfield code="0">o</subfield>
  </datafield>
  <datafield tag="400" ind1="0" ind2=" ">
    <subfield code="a">Albertus Parvus,</subfield>
    <subfield code="d">1600-1671</subfield>
    <subfield code="0">o</subfield>
  </datafield>
  <datafield tag="400" ind1="0" ind2=" ">
    <subfield code="w">r</subfield>
    <subfield code="i">Pseudonym:</subfield>
    <subfield code="a">Albertus,</subfield>
    <subfield code="c">Fridlandus,</subfield>
    <subfield code="d">1600-1671</subfield>
    <subfield code="0">o</subfield>
  </datafield>
  <datafield tag="400" ind1="0" ind2=" ">
    <subfield code="w">r</subfield>
    <subfield code="i">Pseudonym:</subfield>
    <subfield code="a">Albertus,</subfield>
    <subfield code="c">Parvus,</subfield>
    <subfield code="d">1600-1671</subfield>
    <subfield code="0">o</subfield>
  </datafield>
  <datafield tag="400" ind1="1" ind2=" ">
    <subfield code="w">r</subfield>
    <subfield code="i">Pseudonym:</subfield>
    <subfield code="a">Barrettus, Lucius,</subfield>
    <subfield code="d">1600-1671</subfield>
    <subfield code="0">o</subfield>
  </datafield>
  <datafield tag="400" ind1="1" ind2=" ">
    <subfield code="w">r</subfield>
    <subfield code="i">Pseudonym:</subfield>
    <subfield code="a">Barretto, Lucio,</subfield>
    <subfield code="d">1600-1671</subfield>
    <subfield code="0">o</subfield>
  </datafield>
  <datafield tag="400" ind1="1" ind2=" ">
    <subfield code="w">r</subfield>
    <subfield code="i">Pseudonym:</subfield>
    <subfield code="a">Barretus Brevanus, Lucius,</subfield>
    <subfield code="d">1600-1671</subfield>
    <subfield code="0">o</subfield>
  </datafield>
  <datafield tag="400" ind1="1" ind2=" ">
    <subfield code="w">r</subfield>
    <subfield code="i">Pseudonym:</subfield>
    <subfield code="a">Brevanus, Lucius Barretus,</subfield>
    <subfield code="d">1600-1671</subfield>
    <subfield code="0">o</subfield>
  </datafield>
  <datafield tag="400" ind1="1" ind2=" ">
    <subfield code="w">r</subfield>
    <subfield code="i">Pseudonym:</subfield>
    <subfield code="a">Fridlandus, Albertus,</subfield>
    <subfield code="d">1600-1671</subfield>
    <subfield code="0">o</subfield>
  </datafield>
  <datafield tag="400" ind1="0" ind2=" ">
    <subfield code="w">r</subfield>
    <subfield code="i">Pseudonym:</subfield>
    <subfield code="a">Lucius,</subfield>
    <subfield code="c">Veronensis,</subfield>
    <subfield code="d">1600-1671</subfield>
    <subfield code="0">o</subfield>
  </datafield>
  <datafield tag="400" ind1="1" ind2=" ">
    <subfield code="w">r</subfield>
    <subfield code="i">Pseudonym:</subfield>
    <subfield code="a">Veronensis, Lucius,</subfield>
    <subfield code="d">1600-1671</subfield>
    <subfield code="0">o</subfield>
  </datafield>
  <datafield tag="500" ind1="1" ind2=" ">
    <subfield code="w">r</subfield>
    <subfield code="i">Pseudonym:</subfield>
    <subfield code="a">Hirsch, Sigefridus,</subfield>
    <subfield code="d">1600-1671</subfield>
    <subfield code="7">ntk20201091506</subfield>
  </datafield>
  <datafield tag="665" ind1=" " ind2=" ">
    <subfield code="a">Pod pseudonymem „Hirsch, Sigefridus" vyšlo jedno z jeho hlavních děl "Amussis Ferdinandea" v r. 1654. Pod skutečným jménem „Curtz, Albert von" i dalšími pseudonymy vyšla větší část publikací popisované osoby.</subfield>
  </datafield>
  <datafield tag="667" ind1=" " ind2=" ">
    <subfield code="a">http://d-nb.info/gnd/124643221.</subfield>
  </datafield>
  <datafield tag="670" ind1=" " ind2=" ">
    <subfield code="a">CURTZ, Albert von, 1600-1671. MATHESIS CÆSAREA, sive AMUSSIS FERDINANDEA, ... Nunc secunda hac editione Scholiis, Problematibus, &amp; novis Iconismis exornata A P. GASPARE SCHOTTO ... HERBIPOLI: Sumptibus Viduæ &amp; Hæredum JOANNIS GODEFRIDI SCHÖNWETTERI Bibliopolæ Francofurtensis, ... Excudit JOBUS HERTZ Typographus Herbipolensis, 1662</subfield>
    <subfield code="b">autoritní forma</subfield>
    <subfield code="u">http://diglib.hab.de/drucke/80-11-quod-1/start.htm</subfield>
  </datafield>
  <datafield tag="670" ind1=" " ind2=" ">
    <subfield code="a">DNB, cit. 4. 11. 2020</subfield>
    <subfield code="b">autoritní forma, odkazy viz, odkaz viz též, datum a místo narození, datum úmrtí, biografické a profesní údaje, národnost</subfield>
    <subfield code="u">http://d-nb.info/gnd/124643221</subfield>
  </datafield>
  <datafield tag="670" ind1=" " ind2=" ">
    <subfield code="a">www(Wikipedia, die freie Enzyklopädie), cit. 4. 11. 2020</subfield>
    <subfield code="b">místo úmrtí, biografické a profesní údaje</subfield>
    <subfield code="u">https://de.wikipedia.org/wiki/Albert_Curtz</subfield>
  </datafield>
  <datafield tag="678" ind1="0" ind2=" ">
    <subfield code="a">Německý spisovatel a překladatel, matematik a astronom, od r. 1616 člen řádu Tovaryšstva Ježíšova. Působil nejdříve jako učitel matematiky a etiky v Dillingenu na Dunaji (1626-1629), později jako kazatel v Chrámu Sv. Štěpána ve Vídni a od roku 1646 jako rektor vysoké školy v Norimberku. Publikace, zejména z oboru astronomie se specializací na zkoumání zemského Měsíce. Na jeho počest je jeden z kráterů Měsíce pojmenován „Curtius“. Publikace vycházely i pod pseudonymy.</subfield>
  </datafield>
  <datafield tag="906" ind1=" " ind2=" ">
    <subfield code="a">za20201104</subfield>
    <subfield code="b">evbr</subfield>
  </datafield>
  <datafield tag="906" ind1=" " ind2=" ">
    <subfield code="a">ko20201104</subfield>
    <subfield code="b">evbr</subfield>
  </datafield>
  <datafield tag="906" ind1=" " ind2=" ">
    <subfield code="a">op20201104</subfield>
    <subfield code="b">lisi</subfield>
    <subfield code="c">Viz - oprava indikátoru, oprava tvaru jména</subfield>
  </datafield>
</record>