

<record>
  <leader>     nz  a22     n  4500</leader>
  <controlfield tag="001">xx0253547</controlfield>
  <controlfield tag="003">CZ PrNK</controlfield>
  <controlfield tag="005">20201105072135.0</controlfield>
  <controlfield tag="008">201104|n|aznnnaabn           n a|a      </controlfield>
  <datafield tag="040" ind1=" " ind2=" ">
    <subfield code="a">ABA008</subfield>
    <subfield code="b">cze</subfield>
    <subfield code="d">ABA001</subfield>
    <subfield code="e">rda</subfield>
  </datafield>
  <datafield tag="100" ind1="1" ind2=" ">
    <subfield code="a">Nezdařil, Jiří</subfield>
    <subfield code="7">xx0253547</subfield>
  </datafield>
  <datafield tag="368" ind1=" " ind2=" ">
    <subfield code="d">MUDr.</subfield>
    <subfield code="s">2014</subfield>
  </datafield>
  <datafield tag="368" ind1=" " ind2=" ">
    <subfield code="d">Mgr.</subfield>
    <subfield code="s">2017</subfield>
  </datafield>
  <datafield tag="370" ind1=" " ind2=" ">
    <subfield code="c">Česko</subfield>
  </datafield>
  <datafield tag="372" ind1=" " ind2=" ">
    <subfield code="a">lékařství</subfield>
    <subfield code="a">chirurgie</subfield>
    <subfield code="a">právo</subfield>
  </datafield>
  <datafield tag="374" ind1=" " ind2=" ">
    <subfield code="a">lékaři</subfield>
    <subfield code="a">chirurgové</subfield>
    <subfield code="a">právníci</subfield>
  </datafield>
  <datafield tag="375" ind1=" " ind2=" ">
    <subfield code="a">muž</subfield>
  </datafield>
  <datafield tag="377" ind1=" " ind2=" ">
    <subfield code="a">cze</subfield>
  </datafield>
  <datafield tag="667" ind1=" " ind2=" ">
    <subfield code="a">Nezaměňovat s otcem, gynekologem téhož jména.</subfield>
  </datafield>
  <datafield tag="670" ind1=" " ind2=" ">
    <subfield code="a">Nezdařil, Jiří ... [et al.]: Sekundární apendicitida u dospělého pacienta se sekundárně retinovaným varletem. Rozhledy v chirurgii, 2020, roč. 99, č. 8, s. 361-363.</subfield>
    <subfield code="b">autoritní forma</subfield>
  </datafield>
  <datafield tag="670" ind1=" " ind2=" ">
    <subfield code="a">www(Česká lékařská komora), cit. 4. 11. 2020</subfield>
    <subfield code="b">profesní data</subfield>
  </datafield>
  <datafield tag="670" ind1=" " ind2=" ">
    <subfield code="a">www(Theses.cz), cit. 4. 11. 2020</subfield>
    <subfield code="b">další profesní zaměření</subfield>
  </datafield>
  <datafield tag="670" ind1=" " ind2=" ">
    <subfield code="a">www(Jiří Nezdařil - Vašíček a partneři), cit. 4. 11. 2020</subfield>
    <subfield code="b">další pracoviště</subfield>
  </datafield>
  <datafield tag="678" ind1="0" ind2=" ">
    <subfield code="a">MUDr., Mgr.; chirurg, též právník (Chirurgické oddělení, Nemocnice TGM Hodoní; Vašíček a partneři - advokátní kancelář, Brno).</subfield>
  </datafield>
  <datafield tag="906" ind1=" " ind2=" ">
    <subfield code="a">za20201104</subfield>
    <subfield code="b">xlufr</subfield>
  </datafield>
  <datafield tag="906" ind1=" " ind2=" ">
    <subfield code="a">fr20201105</subfield>
    <subfield code="b">lisi</subfield>
  </datafield>
</record>