

<record>
  <leader>     nz  a22     n  4500</leader>
  <controlfield tag="001">pna20201091502</controlfield>
  <controlfield tag="003">CZ PrNK</controlfield>
  <controlfield tag="005">20201105082555.0</controlfield>
  <controlfield tag="008">201104|n|aznnnaabn           n a|a      </controlfield>
  <datafield tag="040" ind1=" " ind2=" ">
    <subfield code="a">PNA001</subfield>
    <subfield code="b">cze</subfield>
    <subfield code="d">ABA001</subfield>
    <subfield code="e">rda</subfield>
  </datafield>
  <datafield tag="046" ind1=" " ind2=" ">
    <subfield code="f">1950</subfield>
  </datafield>
  <datafield tag="100" ind1="1" ind2=" ">
    <subfield code="a">Fajerberg, Chajim,</subfield>
    <subfield code="d">1950-</subfield>
    <subfield code="7">pna20201091502</subfield>
  </datafield>
  <datafield tag="370" ind1=" " ind2=" ">
    <subfield code="c">Izrael</subfield>
  </datafield>
  <datafield tag="372" ind1=" " ind2=" ">
    <subfield code="a">židovské komunity</subfield>
    <subfield code="a">židovská mládež</subfield>
    <subfield code="a">demografie</subfield>
    <subfield code="a">sociologie</subfield>
    <subfield code="a">kyberprostor</subfield>
  </datafield>
  <datafield tag="373" ind1=" " ind2=" ">
    <subfield code="a">Universịtat Tel-Aviv</subfield>
  </datafield>
  <datafield tag="375" ind1=" " ind2=" ">
    <subfield code="a">muž</subfield>
  </datafield>
  <datafield tag="377" ind1=" " ind2=" ">
    <subfield code="a">heb</subfield>
    <subfield code="a">eng</subfield>
  </datafield>
  <datafield tag="400" ind1="1" ind2=" ">
    <subfield code="a">Fireberg, Haim,</subfield>
    <subfield code="d">1950-</subfield>
    <subfield code="0">o</subfield>
  </datafield>
  <datafield tag="667" ind1=" " ind2=" ">
    <subfield code="a">Transkripce ověřena.</subfield>
  </datafield>
  <datafield tag="670" ind1=" " ind2=" ">
    <subfield code="a">Fireberg, Haim - Glöckner, Olaf - Menachem Zoufalá, Marcela: Geing jewish in 21st century Central Europe, 2020</subfield>
    <subfield code="b">odkaz viz, souvis. místo, profesní údaje</subfield>
  </datafield>
  <datafield tag="670" ind1=" " ind2=" ">
    <subfield code="a">NLI (Izrael), cit. 4. 11. 2020</subfield>
    <subfield code="b">autoritní forma (přepis tvaru v hebrejském písmu), datum narození</subfield>
  </datafield>
  <datafield tag="678" ind1="0" ind2=" ">
    <subfield code="a">Výzkumný pracovník v oboru sociální a demografické situace židovských komunit v Evropě a studium virtuálních židovských komunit.</subfield>
  </datafield>
  <datafield tag="906" ind1=" " ind2=" ">
    <subfield code="a">za20201104</subfield>
    <subfield code="b">kali</subfield>
  </datafield>
  <datafield tag="906" ind1=" " ind2=" ">
    <subfield code="a">vr20201105</subfield>
    <subfield code="b">lisi</subfield>
  </datafield>
</record>