

<record>
  <leader>     cz  a22     n  4500</leader>
  <controlfield tag="001">ntk20201091506</controlfield>
  <controlfield tag="003">CZ PrNK</controlfield>
  <controlfield tag="005">20201104152052.0</controlfield>
  <controlfield tag="008">201104|n|aznnnaabn           n a|a      </controlfield>
  <datafield tag="040" ind1=" " ind2=" ">
    <subfield code="a">ABA013</subfield>
    <subfield code="b">cze</subfield>
    <subfield code="d">ABA001</subfield>
    <subfield code="e">rda</subfield>
  </datafield>
  <datafield tag="046" ind1=" " ind2=" ">
    <subfield code="f">1600</subfield>
    <subfield code="g">1671</subfield>
  </datafield>
  <datafield tag="100" ind1="1" ind2=" ">
    <subfield code="a">Hirsch, Sigefridus,</subfield>
    <subfield code="d">1600-1671</subfield>
    <subfield code="7">ntk20201091506</subfield>
  </datafield>
  <datafield tag="368" ind1=" " ind2=" ">
    <subfield code="d">SI</subfield>
    <subfield code="s">1616</subfield>
    <subfield code="t">1671</subfield>
  </datafield>
  <datafield tag="370" ind1=" " ind2=" ">
    <subfield code="a">Mnichov, Německo</subfield>
    <subfield code="b">Mnichov, Německo</subfield>
    <subfield code="c">Německo</subfield>
    <subfield code="f">Mnichov, Německo</subfield>
  </datafield>
  <datafield tag="373" ind1=" " ind2=" ">
    <subfield code="a">Jezuité</subfield>
    <subfield code="s">1616</subfield>
    <subfield code="t">1671</subfield>
  </datafield>
  <datafield tag="375" ind1=" " ind2=" ">
    <subfield code="a">muž</subfield>
  </datafield>
  <datafield tag="377" ind1=" " ind2=" ">
    <subfield code="a">lat</subfield>
    <subfield code="a">ger</subfield>
  </datafield>
  <datafield tag="400" ind1="1" ind2=" ">
    <subfield code="a">Hirsch, Siegfried.,</subfield>
    <subfield code="d">1600-1671</subfield>
    <subfield code="0">o</subfield>
  </datafield>
  <datafield tag="400" ind1="1" ind2=" ">
    <subfield code="a">Hirsch, Sigfridus,</subfield>
    <subfield code="d">1600-1671</subfield>
    <subfield code="0">o</subfield>
  </datafield>
  <datafield tag="500" ind1="1" ind2=" ">
    <subfield code="w">r</subfield>
    <subfield code="i">Skutečné jméno:</subfield>
    <subfield code="a">Curtz, Albert von,</subfield>
    <subfield code="d">1600-1671</subfield>
    <subfield code="7">ntk20201091490</subfield>
  </datafield>
  <datafield tag="665" ind1=" " ind2=" ">
    <subfield code="a">Pod skutečným jménem „Curtz, Albert von" i dalšími pseudonymy vyšla větší část publikací popisované osoby. Pod pseudonymem „Hirsch, Sigefridus“ vyšlo první vydání jednoho z jeho hlavních děl "Amussis Ferdinandea" v r. 1654.</subfield>
  </datafield>
  <datafield tag="667" ind1=" " ind2=" ">
    <subfield code="a">http://d-nb.info/gnd/1055558934.</subfield>
  </datafield>
  <datafield tag="670" ind1=" " ind2=" ">
    <subfield code="a">AMVSSIS FERDINANDEA, AD PROBLEMATA UNIVERSÆ MATHESEOS, ET PRÆSERTIM ARCHITECTVRÆ MILITARIS EXPLICATA. A SIGEFRIDO HIRSCH S. C. M. A. SERVITIIS CVBICULI. MONACHII: FORMIS NICOLAI HENRICI, 1654</subfield>
    <subfield code="b">autoritní forma</subfield>
    <subfield code="u">http://digital.slub-dresden.de/ppn278143415</subfield>
  </datafield>
  <datafield tag="670" ind1=" " ind2=" ">
    <subfield code="a">DNB, cit. 4. 11. 2020</subfield>
    <subfield code="b">autoritní forma, odkazy viz, odkaz viz též, datum narození a úmrtí, biografické údaje</subfield>
    <subfield code="u">http://d-nb.info/gnd/1055558934</subfield>
  </datafield>
  <datafield tag="670" ind1=" " ind2=" ">
    <subfield code="a">www(Wikipedia, die freie Enzyklopädie - Albert Curtz), cit. 4. 11. 2020</subfield>
    <subfield code="b">místo úmrtí, biografické a profesní údaje</subfield>
    <subfield code="u">https://de.wikipedia.org/wiki/Albert_Curtz</subfield>
  </datafield>
  <datafield tag="678" ind1="0" ind2=" ">
    <subfield code="a">Německý spisovatel a překladatel, matematik a astronom, od r. 1616 člen řádu Tovaryšstva Ježíšova. Většinu děl publikoval pod skutečným jménem „Curtz, Albert von“.</subfield>
  </datafield>
  <datafield tag="906" ind1=" " ind2=" ">
    <subfield code="a">za20201104</subfield>
    <subfield code="b">evbr</subfield>
  </datafield>
  <datafield tag="906" ind1=" " ind2=" ">
    <subfield code="a">ko20201104</subfield>
    <subfield code="b">evbr</subfield>
  </datafield>
  <datafield tag="906" ind1=" " ind2=" ">
    <subfield code="a">op20201104</subfield>
    <subfield code="b">lisi</subfield>
    <subfield code="c">Zdroj - formální oprava citace</subfield>
  </datafield>
</record>