

<record>
  <leader>     nz  a22     n  4500</leader>
  <controlfield tag="001">xx0253558</controlfield>
  <controlfield tag="003">CZ PrNK</controlfield>
  <controlfield tag="005">20201105075057.0</controlfield>
  <controlfield tag="008">201104|n|aznnnaabn           n a|a      </controlfield>
  <datafield tag="040" ind1=" " ind2=" ">
    <subfield code="a">ABA008</subfield>
    <subfield code="b">cze</subfield>
    <subfield code="d">ABA001</subfield>
    <subfield code="e">rda</subfield>
  </datafield>
  <datafield tag="046" ind1=" " ind2=" ">
    <subfield code="f">1993</subfield>
  </datafield>
  <datafield tag="100" ind1="1" ind2=" ">
    <subfield code="a">Líška, Dávid,</subfield>
    <subfield code="d">1993-</subfield>
    <subfield code="7">xx0253558</subfield>
  </datafield>
  <datafield tag="368" ind1=" " ind2=" ">
    <subfield code="d">Mgr.</subfield>
  </datafield>
  <datafield tag="370" ind1=" " ind2=" ">
    <subfield code="c">Slovensko</subfield>
  </datafield>
  <datafield tag="372" ind1=" " ind2=" ">
    <subfield code="a">fyzioterapie</subfield>
  </datafield>
  <datafield tag="374" ind1=" " ind2=" ">
    <subfield code="a">fyzioterapeuti</subfield>
  </datafield>
  <datafield tag="375" ind1=" " ind2=" ">
    <subfield code="a">muž</subfield>
  </datafield>
  <datafield tag="377" ind1=" " ind2=" ">
    <subfield code="a">slo</subfield>
  </datafield>
  <datafield tag="670" ind1=" " ind2=" ">
    <subfield code="a">Líška, Dávid ... [et al.]: Antidepresívny účinok cvičenia. Rehabilitace a fyzikální lékařství, 2020, roč. 27, č. 3, s. 169-174.</subfield>
  </datafield>
  <datafield tag="670" ind1=" " ind2=" ">
    <subfield code="a">www(Slovenská lekárska knižnica), cit. 4 11. 2020</subfield>
    <subfield code="b">autoritní forma</subfield>
  </datafield>
  <datafield tag="670" ind1=" " ind2=" ">
    <subfield code="a">www(Dávid Líška - Zdravo a fit), cit. 4 11. 2020</subfield>
    <subfield code="b">rok narození</subfield>
  </datafield>
  <datafield tag="670" ind1=" " ind2=" ">
    <subfield code="a">www(Liska David, Mgr. - Filozofická fakulta Univerzita Mateja Bela v Banskej Bystrici), cit. 4 11. 2020</subfield>
    <subfield code="b">profesní data</subfield>
  </datafield>
  <datafield tag="675" ind1=" " ind2=" ">
    <subfield code="a">SNK, cit. 4. 11. 2020;</subfield>
    <subfield code="a">SKK SR, cit. 4. 11. 2020</subfield>
  </datafield>
  <datafield tag="678" ind1="0" ind2=" ">
    <subfield code="a">Mgr., fyzioterapeut, student doktorského studia (Katedra telesnej výchovy športu, Filozofická fakulta, Univerzita Mateja Bela, Banská Bystrica).</subfield>
  </datafield>
  <datafield tag="906" ind1=" " ind2=" ">
    <subfield code="a">za20201104</subfield>
    <subfield code="b">xlufr</subfield>
  </datafield>
  <datafield tag="906" ind1=" " ind2=" ">
    <subfield code="a">fr20201105</subfield>
    <subfield code="b">lisi</subfield>
  </datafield>
</record>