

<record>
  <leader>     cz  a22     n  4500</leader>
  <controlfield tag="001">ko20201091534</controlfield>
  <controlfield tag="003">CZ PrNK</controlfield>
  <controlfield tag="005">20201105063503.0</controlfield>
  <controlfield tag="008">201104|n|aznnnaabn           n a|a      </controlfield>
  <datafield tag="040" ind1=" " ind2=" ">
    <subfield code="a">ABA001</subfield>
    <subfield code="b">cze</subfield>
    <subfield code="d">ABA001</subfield>
    <subfield code="e">rda</subfield>
  </datafield>
  <datafield tag="111" ind1="2" ind2=" ">
    <subfield code="a">Liturgie- und Musikgeschichte der Diözese Passau im Mittelater und der frühen Neuzeit (konference)</subfield>
    <subfield code="d">(2019 :</subfield>
    <subfield code="c">Pasov, Německo)</subfield>
    <subfield code="7">ko20201091534</subfield>
  </datafield>
  <datafield tag="368" ind1=" " ind2=" ">
    <subfield code="a">konference</subfield>
  </datafield>
  <datafield tag="370" ind1=" " ind2=" ">
    <subfield code="c">Německo</subfield>
    <subfield code="e">Pasov, Německo</subfield>
  </datafield>
  <datafield tag="372" ind1=" " ind2=" ">
    <subfield code="a">liturgie</subfield>
    <subfield code="a">duchovní hudba</subfield>
    <subfield code="a">dějiny</subfield>
  </datafield>
  <datafield tag="377" ind1=" " ind2=" ">
    <subfield code="a">ger</subfield>
  </datafield>
  <datafield tag="670" ind1=" " ind2=" ">
    <subfield code="a">Musik und Liturgie in der Diözese Passau im Mittelalter : Bericht der Tagung "Liturgie- und Musikgeschichte der Diözese Passau im Mittelalter und der frühen Neuzeit" : Passau 16.-18. Mai 2019</subfield>
  </datafield>
  <datafield tag="906" ind1=" " ind2=" ">
    <subfield code="a">za20201104</subfield>
    <subfield code="b">peja</subfield>
  </datafield>
  <datafield tag="906" ind1=" " ind2=" ">
    <subfield code="a">op20201105</subfield>
    <subfield code="b">svsv</subfield>
    <subfield code="c">Oblast působení - nově</subfield>
  </datafield>
</record>