

<record>
  <leader>     nz  a22     n  4500</leader>
  <datafield tag="900" ind1=" " ind2=" ">
    <subfield code="a">N-NÁVRH-VP</subfield>
  </datafield>
  <controlfield tag="001">aun20201091536</controlfield>
  <controlfield tag="003">CZ PrNK</controlfield>
  <controlfield tag="005">20201104145937.0</controlfield>
  <controlfield tag="008">201104|n|acnnnaabn           n a|a      </controlfield>
  <datafield tag="040" ind1=" " ind2=" ">
    <subfield code="a">ABA001</subfield>
    <subfield code="b">cze</subfield>
  </datafield>
  <datafield tag="100" ind1="1" ind2=" ">
    <subfield code="a">Gui, Bernard,</subfield>
    <subfield code="d">asi 1261-1331.</subfield>
    <subfield code="t">Practica inquisitionis heretice pravitatis</subfield>
    <subfield code="7">aun20201091536</subfield>
  </datafield>
  <datafield tag="400" ind1="1" ind2=" ">
    <subfield code="a">Gui, Bernard,</subfield>
    <subfield code="d">asi 1261-1331.</subfield>
    <subfield code="t">Practica officii Inquisitionis heretice pravitatis</subfield>
    <subfield code="0">o</subfield>
  </datafield>
  <datafield tag="400" ind1="1" ind2=" ">
    <subfield code="a">Gui, Bernard,</subfield>
    <subfield code="d">asi 1261-1331.</subfield>
    <subfield code="t">De modo, arte et ingenio inquirendi et examinandi hereticos credentes et complices eorumdem</subfield>
    <subfield code="0">o</subfield>
  </datafield>
  <datafield tag="670" ind1=" " ind2=" ">
    <subfield code="a">Hill, Derek. Inquisition in the fourteenth century: the manuals of Bernard Gui and Nicholas Eymerich. First published. Woodbridge, Suffolk, UK: York Medieval Press, 2019. x, 251 stran. Heresy and inquisition in the Middle Ages, volume 7. ISBN 978-1-903153-87-1.</subfield>
  </datafield>
  <datafield tag="670" ind1=" " ind2=" ">
    <subfield code="a">LC (Names), cit. 4.11.2020</subfield>
  </datafield>
  <datafield tag="670" ind1=" " ind2=" ">
    <subfield code="a">www(archive.org), cit. 4.11.2020</subfield>
  </datafield>
  <datafield tag="670" ind1=" " ind2=" ">
    <subfield code="a">www(Wikipedia, the free encyclopedia), cit. 4.11.2020</subfield>
  </datafield>
  <datafield tag="680" ind1=" " ind2=" ">
    <subfield code="i">Příručka inkvizitora.</subfield>
  </datafield>
  <datafield tag="856" ind1="4" ind2="2">
    <subfield code="u">https://archive.org/details/practicainquisit00bern/page/n3/mode/2up</subfield>
    <subfield code="4">N</subfield>
  </datafield>
  <datafield tag="856" ind1="4" ind2="2">
    <subfield code="u">https://en.wikipedia.org/wiki/Bernard_Gui</subfield>
    <subfield code="4">N</subfield>
  </datafield>
  <datafield tag="906" ind1=" " ind2=" ">
    <subfield code="a">za20201104</subfield>
    <subfield code="b">stkv</subfield>
  </datafield>
</record>