

<record>
  <leader>     nz  a22     n  4500</leader>
  <datafield tag="900" ind1=" " ind2=" ">
    <subfield code="a">N-NÁVRH-VP</subfield>
  </datafield>
  <controlfield tag="001">kon20201091552</controlfield>
  <controlfield tag="003">CZ PrNK</controlfield>
  <controlfield tag="005">20201106092107.0</controlfield>
  <controlfield tag="008">201104|n|aznnnaabn           n a|a      </controlfield>
  <datafield tag="040" ind1=" " ind2=" ">
    <subfield code="a">ABA001</subfield>
    <subfield code="b">cze</subfield>
    <subfield code="e">rda</subfield>
  </datafield>
  <datafield tag="110" ind1="2" ind2=" ">
    <subfield code="a">Staatsbibliothek zu Berlin - Preussischer Kulturbesitz.</subfield>
    <subfield code="k">Rukopis.</subfield>
    <subfield code="n">Hamilton 390</subfield>
    <subfield code="7">kon20201091552</subfield>
  </datafield>
  <datafield tag="410" ind1="2" ind2=" ">
    <subfield code="a">Staatsbibliothek zu Berlin - Preussischer Kulturbesitz.</subfield>
    <subfield code="k">Rukopis.</subfield>
    <subfield code="n">Saibante-Hamilton 390</subfield>
    <subfield code="0">o</subfield>
  </datafield>
  <datafield tag="670" ind1=" " ind2=" ">
    <subfield code="a">Meneghetti, Maria Luisa, ed. a Tagliani, Roberto, ed. Il manoscritto Saibante-Hamilton 390: edizione critica. Roma: Salerno Editrice, [2019], ©2019.</subfield>
  </datafield>
  <datafield tag="678" ind1=" " ind2=" ">
    <subfield code="a">Iluminovaný kodex obsahující didakticko-moralistní texty v latině a vulgární italštině. Pochází z Trevisa (Veneto, Itálie) z osmdesátých let 13. století.</subfield>
  </datafield>
  <datafield tag="906" ind1=" " ind2=" ">
    <subfield code="a">za20201104</subfield>
    <subfield code="b">evko</subfield>
  </datafield>
</record>