

<record>
  <leader>     nz  a22     n  4500</leader>
  <datafield tag="900" ind1=" " ind2=" ">
    <subfield code="a">J-NÁVRH-S</subfield>
  </datafield>
  <controlfield tag="001">js20201091558</controlfield>
  <controlfield tag="003">CZ PrNK</controlfield>
  <controlfield tag="005">20201104214048.0</controlfield>
  <controlfield tag="008">201104|n|aznnnaabn           n a|a      </controlfield>
  <datafield tag="040" ind1=" " ind2=" ">
    <subfield code="a">ABA004</subfield>
    <subfield code="b">cze</subfield>
    <subfield code="e">rda</subfield>
  </datafield>
  <datafield tag="046" ind1=" " ind2=" ">
    <subfield code="f">1922</subfield>
    <subfield code="g">2011</subfield>
  </datafield>
  <datafield tag="100" ind1="1" ind2=" ">
    <subfield code="a">Bondarava, Jefrasìnnja Leonidaŭna,</subfield>
    <subfield code="d">1922-2011</subfield>
    <subfield code="7">js20201091558</subfield>
  </datafield>
  <datafield tag="368" ind1=" " ind2=" ">
    <subfield code="d">doktar fìlalahìčnych navuk</subfield>
  </datafield>
  <datafield tag="370" ind1=" " ind2=" ">
    <subfield code="c">Bělorusko</subfield>
  </datafield>
  <datafield tag="372" ind1=" " ind2=" ">
    <subfield code="a">filmová kritika</subfield>
    <subfield code="a">filmová teorie</subfield>
    <subfield code="a">filmová scenáristika</subfield>
  </datafield>
  <datafield tag="373" ind1=" " ind2=" ">
    <subfield code="a">Belaruskì dzjaržaǔny unìversìtèt</subfield>
  </datafield>
  <datafield tag="374" ind1=" " ind2=" ">
    <subfield code="a">filmové kritičky</subfield>
    <subfield code="a">filmové teoretičky</subfield>
    <subfield code="a">filmové scenáristky</subfield>
    <subfield code="a">vysokoškolské učitelky</subfield>
  </datafield>
  <datafield tag="375" ind1=" " ind2=" ">
    <subfield code="a">žena</subfield>
  </datafield>
  <datafield tag="377" ind1=" " ind2=" ">
    <subfield code="a">bel</subfield>
    <subfield code="a">rus</subfield>
  </datafield>
  <datafield tag="400" ind1="1" ind2=" ">
    <subfield code="a">Bondareva, Jefrosin‘ja Leonidovna,</subfield>
    <subfield code="d">1922-2011</subfield>
    <subfield code="2">czerus</subfield>
    <subfield code="0">o</subfield>
  </datafield>
  <datafield tag="670" ind1=" " ind2=" ">
    <subfield code="a">NBB, cit. 4. 11. 2020</subfield>
    <subfield code="b">autoritní forma, datum narození a úmrtí, biografické údaje</subfield>
  </datafield>
  <datafield tag="670" ind1=" " ind2=" ">
    <subfield code="a">RSL, cit. 4. 11. 2020</subfield>
    <subfield code="b">odkaz viz</subfield>
  </datafield>
  <datafield tag="670" ind1=" " ind2=" ">
    <subfield code="a">www(Vìkìpedyja, svabodnaja èncyklapedyja), cit. 4. 11. 2020</subfield>
    <subfield code="b">biografické údaje</subfield>
    <subfield code="u">https://be.wikipedia.org/wiki/%D0%95%D1%84%D1%80%D0%B0%D1%81%D1%96%D0%BD%D0%BD%D1%8F_%D0%9B%D0%B5%D0%B0%D0%BD%D1%96%D0%B4%D0%B0%D1%9E%D0%BD%D0%B0_%D0%91%D0%BE%D0%BD%D0%B4%D0%B0%D1%80%D0%B0%D0%B2%D0%B0</subfield>
  </datafield>
  <datafield tag="670" ind1=" " ind2=" ">
    <subfield code="a">Bondareva, Jefrosin‘ja Leonidovna: Kino Sovetskoj Belorussii. Moskva, 1975</subfield>
  </datafield>
  <datafield tag="678" ind1="0" ind2=" ">
    <subfield code="a">Běloruská filmová kritička a teoretička, scenáristka a vysokoškolská pedagožka.</subfield>
  </datafield>
  <datafield tag="906" ind1=" " ind2=" ">
    <subfield code="a">za20201104</subfield>
    <subfield code="b">tapo</subfield>
  </datafield>
</record>