

<record>
  <leader>     nz  a22     n  4500</leader>
  <datafield tag="900" ind1=" " ind2=" ">
    <subfield code="a">J-NÁVRH</subfield>
  </datafield>
  <controlfield tag="001">mub20201091560</controlfield>
  <controlfield tag="003">CZ PrNK</controlfield>
  <controlfield tag="005">20201104230547.0</controlfield>
  <controlfield tag="008">201104|n|aznnnaabn           n a|a      </controlfield>
  <datafield tag="040" ind1=" " ind2=" ">
    <subfield code="a">BOD114</subfield>
    <subfield code="b">cze</subfield>
    <subfield code="e">rda</subfield>
  </datafield>
  <datafield tag="100" ind1="1" ind2=" ">
    <subfield code="a">Graboń, Karolina</subfield>
    <subfield code="7">mub20201091560</subfield>
  </datafield>
  <datafield tag="370" ind1=" " ind2=" ">
    <subfield code="c">Polsko</subfield>
  </datafield>
  <datafield tag="372" ind1=" " ind2=" ">
    <subfield code="a">polština</subfield>
    <subfield code="a">polská literatura</subfield>
    <subfield code="a">polonistika</subfield>
    <subfield code="a">předmětová didaktika</subfield>
    <subfield code="a">logopedie</subfield>
  </datafield>
  <datafield tag="374" ind1=" " ind2=" ">
    <subfield code="a">filoložky</subfield>
    <subfield code="a">polonistky</subfield>
    <subfield code="a">vysokoškolské učitelky</subfield>
    <subfield code="a">logopedky</subfield>
  </datafield>
  <datafield tag="375" ind1=" " ind2=" ">
    <subfield code="a">žena</subfield>
  </datafield>
  <datafield tag="377" ind1=" " ind2=" ">
    <subfield code="a">pol</subfield>
  </datafield>
  <datafield tag="670" ind1=" " ind2=" ">
    <subfield code="a">Polonistyka na początku XXI wieku : diagnozy, koncepcje, perspektywy. Tom V, W kręgu (glotto) dydaktyki (redakcja naukowa Aleksandra Achtelik, Karolina Graboń), 2018</subfield>
  </datafield>
  <datafield tag="670" ind1=" " ind2=" ">
    <subfield code="a">NUKAT, cit. 4. 11. 2020</subfield>
    <subfield code="b">autoritní forma</subfield>
  </datafield>
  <datafield tag="670" ind1=" " ind2=" ">
    <subfield code="a">BNPL, cit. 4. 11. 2020</subfield>
    <subfield code="b">publikační zaměření</subfield>
  </datafield>
  <datafield tag="670" ind1=" " ind2=" ">
    <subfield code="a">www(Szkoła Języka i Kultury Polskiej Uniwersystet Śląski), cit. 4. 11. 2020</subfield>
    <subfield code="b">profesní údaje</subfield>
    <subfield code="u">http://www.sjikp.us.edu.pl/pl/pracownicy/mgr-karolina-grabon/</subfield>
  </datafield>
  <datafield tag="678" ind1="0" ind2=" ">
    <subfield code="a">Polská filoložka, polonistka, autorka didaktických prací pro výuku polského jazyka a literatury, též logopedka.</subfield>
  </datafield>
  <datafield tag="906" ind1=" " ind2=" ">
    <subfield code="a">ko20201104</subfield>
    <subfield code="b">pospel</subfield>
  </datafield>
</record>