

<record>
  <leader>     cz  a22     n  4500</leader>
  <controlfield tag="001">xx0253572</controlfield>
  <controlfield tag="003">CZ PrNK</controlfield>
  <controlfield tag="005">20201105173131.0</controlfield>
  <controlfield tag="008">201104|n|aznnnaabn           n a|a      </controlfield>
  <datafield tag="024" ind1="7" ind2=" ">
    <subfield code="a">0000000488923941</subfield>
    <subfield code="2">isni</subfield>
  </datafield>
  <datafield tag="040" ind1=" " ind2=" ">
    <subfield code="a">OLD012</subfield>
    <subfield code="b">cze</subfield>
    <subfield code="d">ABA001</subfield>
    <subfield code="e">rda</subfield>
  </datafield>
  <datafield tag="100" ind1="1" ind2=" ">
    <subfield code="a">Tranvåg, Oscar</subfield>
    <subfield code="7">xx0253572</subfield>
  </datafield>
  <datafield tag="368" ind1=" " ind2=" ">
    <subfield code="d">PhD</subfield>
  </datafield>
  <datafield tag="370" ind1=" " ind2=" ">
    <subfield code="c">Norsko</subfield>
  </datafield>
  <datafield tag="372" ind1=" " ind2=" ">
    <subfield code="a">geriatrie</subfield>
    <subfield code="a">demence</subfield>
    <subfield code="a">duševní zdraví</subfield>
    <subfield code="a">domy s pečovatelskou službou</subfield>
    <subfield code="a">hospicová péče</subfield>
    <subfield code="a">domácí péče</subfield>
    <subfield code="a">lidská důstojnost</subfield>
    <subfield code="a">umírání</subfield>
  </datafield>
  <datafield tag="374" ind1=" " ind2=" ">
    <subfield code="a">geriatrici</subfield>
    <subfield code="a">vysokoškolští učitelé</subfield>
  </datafield>
  <datafield tag="375" ind1=" " ind2=" ">
    <subfield code="a">muž</subfield>
  </datafield>
  <datafield tag="377" ind1=" " ind2=" ">
    <subfield code="a">nor</subfield>
    <subfield code="a">eng</subfield>
  </datafield>
  <datafield tag="670" ind1=" " ind2=" ">
    <subfield code="a">Tranvåg, Oscar - Synnes, Oddgeir - McSherry, Wilfred (eds.): Stories of dignity within healthcare: research, narratives and theories, 2016</subfield>
  </datafield>
  <datafield tag="670" ind1=" " ind2=" ">
    <subfield code="a">BIBSYS-AUT, cit. 2. 11. 2020</subfield>
    <subfield code="b">autoritní forma</subfield>
  </datafield>
  <datafield tag="670" ind1=" " ind2=" ">
    <subfield code="a">www(Tranvåg, Oscar - Synnes, Oddgeir - McSherry, Wilfred (eds.): Stories of dignity within healthcare: research, narratives and theories. In: GoogleBooks), cit. 2. 11. 2020</subfield>
    <subfield code="b">biografické údaje</subfield>
  </datafield>
  <datafield tag="678" ind1="0" ind2=" ">
    <subfield code="a">Norský geriatrik, vysokoškolský pedagog, odborník na duševní zdraví, zejména na péči o důstojnost pro lidi s demencí a hospicovou a domácí péči.</subfield>
  </datafield>
  <datafield tag="906" ind1=" " ind2=" ">
    <subfield code="a">za20201104</subfield>
    <subfield code="b">xletr</subfield>
  </datafield>
  <datafield tag="906" ind1=" " ind2=" ">
    <subfield code="a">op20201105</subfield>
    <subfield code="b">beba</subfield>
    <subfield code="c">024, 368 nově; 372a374a další výskyt; 678 oprava, doplnění</subfield>
  </datafield>
</record>