

<record>
  <leader>     nz  a22     n  4500</leader>
  <datafield tag="900" ind1=" " ind2=" ">
    <subfield code="a">J-NÁVRH</subfield>
  </datafield>
  <controlfield tag="001">xx0253587</controlfield>
  <controlfield tag="003">CZ PrNK</controlfield>
  <controlfield tag="005">20201104220834.4</controlfield>
  <controlfield tag="008">201104|n|aznnnaabn           n a|a      </controlfield>
  <datafield tag="040" ind1=" " ind2=" ">
    <subfield code="a">BOE451</subfield>
    <subfield code="b">cze</subfield>
    <subfield code="e">rda</subfield>
  </datafield>
  <datafield tag="100" ind1="1" ind2=" ">
    <subfield code="a">Adani, Gabriele,</subfield>
    <subfield code="d">1927-1993</subfield>
    <subfield code="7">xx0253587</subfield>
  </datafield>
  <datafield tag="370" ind1=" " ind2=" ">
    <subfield code="c">Itálie</subfield>
  </datafield>
  <datafield tag="372" ind1=" " ind2=" ">
    <subfield code="a">pastorální teologie</subfield>
  </datafield>
  <datafield tag="374" ind1=" " ind2=" ">
    <subfield code="a">katoličtí kněží</subfield>
    <subfield code="a">katoličtí teologové</subfield>
    <subfield code="a">esejisté</subfield>
    <subfield code="a">vysokoškolští učitelé</subfield>
  </datafield>
  <datafield tag="375" ind1=" " ind2=" ">
    <subfield code="a">muž</subfield>
  </datafield>
  <datafield tag="377" ind1=" " ind2=" ">
    <subfield code="a">ita</subfield>
  </datafield>
  <datafield tag="400" ind1="1" ind2=" ">
    <subfield code="a">Adani, G.,</subfield>
    <subfield code="d">1927-1993</subfield>
    <subfield code="0">o</subfield>
  </datafield>
  <datafield tag="400" ind1="1" ind2=" ">
    <subfield code="a">Padre Gabriele Antonio Adani,</subfield>
    <subfield code="d">1927-1993</subfield>
    <subfield code="0">o</subfield>
  </datafield>
  <datafield tag="400" ind1="1" ind2=" ">
    <subfield code="a">Adani, Gabriele Antonio,</subfield>
    <subfield code="d">1927-1993</subfield>
    <subfield code="0">o</subfield>
  </datafield>
  <datafield tag="670" ind1=" " ind2=" ">
    <subfield code="a">Adani, Gabriele: Ciao Mamma!, 1987</subfield>
    <subfield code="b">autoritní forma</subfield>
  </datafield>
  <datafield tag="670" ind1=" " ind2=" ">
    <subfield code="a">DNB, cit. 4. 11. 2020</subfield>
    <subfield code="b">profesní údaje, datum narození, odkazy viz</subfield>
  </datafield>
  <datafield tag="670" ind1=" " ind2=" ">
    <subfield code="a">LC (Names), cit. 4. 11. 2020</subfield>
    <subfield code="b">datum narození</subfield>
  </datafield>
  <datafield tag="670" ind1=" " ind2=" ">
    <subfield code="a">www (Wikipedia), cit. 4. 11. 2020</subfield>
    <subfield code="b">biografické a profesní údaje, data narození a úmrtí</subfield>
    <subfield code="u">https://it.wikipedia.org/wiki/Gabriele_Adani</subfield>
  </datafield>
  <datafield tag="678" ind1=" " ind2=" ">
    <subfield code="a">Italský kněz, žurnalista, esejista, docent pastorální teologie.</subfield>
  </datafield>
  <datafield tag="906" ind1=" " ind2=" ">
    <subfield code="a">za20201104</subfield>
    <subfield code="b">xlekl</subfield>
  </datafield>
</record>