

<record>
  <leader>     cz  a22     n  4500</leader>
  <controlfield tag="001">ko20201091610</controlfield>
  <controlfield tag="003">CZ PrNK</controlfield>
  <controlfield tag="005">20201106090045.0</controlfield>
  <controlfield tag="008">201105|n|aznnnaabn           n a|a      </controlfield>
  <datafield tag="040" ind1=" " ind2=" ">
    <subfield code="a">ABA001</subfield>
    <subfield code="b">cze</subfield>
    <subfield code="d">ABA001</subfield>
    <subfield code="e">rda</subfield>
  </datafield>
  <datafield tag="110" ind1="2" ind2=" ">
    <subfield code="a">Ochrana matek a dětí (spolek : Počaply, Příbram, Česko)</subfield>
    <subfield code="7">ko20201091610</subfield>
  </datafield>
  <datafield tag="MOR" ind1="1" ind2=" ">
    <subfield code="a">Ochrana matek a dětí v Počaplích (spolek)</subfield>
    <subfield code="7">ko20201091610</subfield>
  </datafield>
  <datafield tag="368" ind1=" " ind2=" ">
    <subfield code="a">instituce a organizace</subfield>
    <subfield code="a">spolky</subfield>
  </datafield>
  <datafield tag="370" ind1=" " ind2=" ">
    <subfield code="c">Česko</subfield>
    <subfield code="e">Počaply, Příbram, Česko</subfield>
    <subfield code="f">Československo</subfield>
  </datafield>
  <datafield tag="372" ind1=" " ind2=" ">
    <subfield code="a">matky a děti</subfield>
    <subfield code="a">sociální péče</subfield>
    <subfield code="a">zdravotně-sociální péče</subfield>
  </datafield>
  <datafield tag="377" ind1=" " ind2=" ">
    <subfield code="a">cze</subfield>
  </datafield>
  <datafield tag="410" ind1="2" ind2=" ">
    <subfield code="a">Ochrana matek a dětí v Počaplích (spolek)</subfield>
    <subfield code="0">o</subfield>
  </datafield>
  <datafield tag="410" ind1="2" ind2=" ">
    <subfield code="a">Ochrana matek a dětí v Počaplech (spolek)</subfield>
    <subfield code="0">o</subfield>
  </datafield>
  <datafield tag="670" ind1=" " ind2=" ">
    <subfield code="a">Šmejkalová, L.: Vývoj metod sociální práce s dětmi a rodinou u nás od konce 30. let 20. století do současnosti (diplomová práce), 2009</subfield>
  </datafield>
  <datafield tag="670" ind1=" " ind2=" ">
    <subfield code="a">Výroční zpráva o činnosti Okresní péče o mládež v Berouně a Ochrany matek a dětí v Počaplích : za rok ...</subfield>
  </datafield>
  <datafield tag="678" ind1=" " ind2=" ">
    <subfield code="a">V r. 1922 se spolek "Ochrana matek a dětí" sloučil s "Československou péčí o dítě" a začal se nazývat "Československá ochrana matek a dětí".</subfield>
  </datafield>
  <datafield tag="906" ind1=" " ind2=" ">
    <subfield code="a">za20201105</subfield>
    <subfield code="b">albr</subfield>
  </datafield>
  <datafield tag="906" ind1=" " ind2=" ">
    <subfield code="a">oz20201106</subfield>
    <subfield code="b">svsv</subfield>
    <subfield code="c">Záhlaví - oprava; Biografická poznámka - nově; Viz - oprava; Viz - další výskyt; Zdroj - další výskyt; Další info - nově; Související místo - nově; Oblast působení - nově; Jazyk - nově</subfield>
  </datafield>
</record>