

<record>
  <leader>     cz  a22     n  4500</leader>
  <datafield tag="900" ind1=" " ind2=" ">
    <subfield code="a">J-NÁVRH-STT</subfield>
  </datafield>
  <controlfield tag="001">ntk20201091612</controlfield>
  <controlfield tag="003">CZ PrNK</controlfield>
  <controlfield tag="005">20201105111847.0</controlfield>
  <controlfield tag="008">201105|n|aznnnaabn           n a|a      </controlfield>
  <datafield tag="040" ind1=" " ind2=" ">
    <subfield code="a">ABA013</subfield>
    <subfield code="b">cze</subfield>
    <subfield code="e">rda</subfield>
  </datafield>
  <datafield tag="046" ind1=" " ind2=" ">
    <subfield code="s">1645</subfield>
    <subfield code="t">1658</subfield>
  </datafield>
  <datafield tag="100" ind1="1" ind2=" ">
    <subfield code="a">Pigrin, Heinrich,</subfield>
    <subfield code="d">činný 1645-1658</subfield>
    <subfield code="7">ntk20201091612</subfield>
  </datafield>
  <datafield tag="MOR" ind1="0" ind2=" ">
    <subfield code="a">Pigrin, Heinrich,</subfield>
    <subfield code="d">1645-1658</subfield>
    <subfield code="7">ntk20201091612</subfield>
  </datafield>
  <datafield tag="370" ind1=" " ind2=" ">
    <subfield code="c">Německo</subfield>
  </datafield>
  <datafield tag="370" ind1=" " ind2=" ">
    <subfield code="f">Würzburg, Německo</subfield>
    <subfield code="s">1645</subfield>
    <subfield code="t">1658</subfield>
  </datafield>
  <datafield tag="372" ind1=" " ind2=" ">
    <subfield code="a">knihtisk</subfield>
    <subfield code="a">knižní produkce</subfield>
    <subfield code="a">knižní kultura</subfield>
    <subfield code="a">typografie</subfield>
  </datafield>
  <datafield tag="374" ind1=" " ind2=" ">
    <subfield code="a">knihtiskaři</subfield>
    <subfield code="a">tiskaři</subfield>
    <subfield code="a">typografové</subfield>
  </datafield>
  <datafield tag="375" ind1=" " ind2=" ">
    <subfield code="a">muž</subfield>
  </datafield>
  <datafield tag="377" ind1=" " ind2=" ">
    <subfield code="a">lat</subfield>
  </datafield>
  <datafield tag="400" ind1="1" ind2=" ">
    <subfield code="a">Pigrin, Henrich,</subfield>
    <subfield code="d">činný 1645-1658</subfield>
    <subfield code="0">o</subfield>
  </datafield>
  <datafield tag="400" ind1="1" ind2=" ">
    <subfield code="a">Pigrin, Henricus,</subfield>
    <subfield code="d">činný 1645-1658</subfield>
    <subfield code="0">o</subfield>
  </datafield>
  <datafield tag="400" ind1="1" ind2=" ">
    <subfield code="a">Pigrinus,</subfield>
    <subfield code="d">činný 1645-1658</subfield>
    <subfield code="0">o</subfield>
  </datafield>
  <datafield tag="400" ind1="1" ind2=" ">
    <subfield code="a">Pigrin,</subfield>
    <subfield code="d">činný 1645-1658</subfield>
    <subfield code="0">o</subfield>
  </datafield>
  <datafield tag="400" ind1="1" ind2=" ">
    <subfield code="a">Faulhaber, Heinrich,</subfield>
    <subfield code="d">činný 1645-1658</subfield>
    <subfield code="0">o</subfield>
  </datafield>
  <datafield tag="667" ind1=" " ind2=" ">
    <subfield code="a">http://d-nb.info/gnd/1037523458.</subfield>
  </datafield>
  <datafield tag="670" ind1=" " ind2=" ">
    <subfield code="a">P. GASPARIS SCHOTTI ... MECHANICA HYDRAULICO-PNEVMATICA: ... Herbipoli: Sumptu Heredum JOANNIS GODEFREDI SCHÖNWETTERI, Excudebat HENRICUS PIGRIN ..., 1658</subfield>
    <subfield code="b">odkaz viz</subfield>
    <subfield code="u">http://resolver.staatsbibliothek-berlin.de/SBB00018FA200000000</subfield>
  </datafield>
  <datafield tag="670" ind1=" " ind2=" ">
    <subfield code="a">DNB, cit. 5. 11. 2020</subfield>
    <subfield code="b">autoritní forma, odkazy viz, data a místo činnosti, biografické a profesní údaje</subfield>
    <subfield code="u">http://d-nb.info/gnd/1037523458</subfield>
  </datafield>
  <datafield tag="670" ind1=" " ind2=" ">
    <subfield code="a">www(WorldCat Identities, Pigrin, Heinrich), cit. 5. 11. 2020</subfield>
    <subfield code="b">seznam publikací, pole 377</subfield>
    <subfield code="u">https://www.worldcat.org/identities/viaf-160535877/</subfield>
  </datafield>
  <datafield tag="678" ind1="0" ind2=" ">
    <subfield code="a">Německý tiskař, činný ve Würzburgu přibližně v letech 1645-1658.</subfield>
  </datafield>
  <datafield tag="906" ind1=" " ind2=" ">
    <subfield code="a">za20201105</subfield>
    <subfield code="b">evbr</subfield>
  </datafield>
  <datafield tag="906" ind1=" " ind2=" ">
    <subfield code="a">oz20201105</subfield>
    <subfield code="b">evbr</subfield>
    <subfield code="c">Záhlaví - datum</subfield>
  </datafield>
</record>