

<record>
  <leader>     nz  a22     n  4500</leader>
  <datafield tag="900" ind1=" " ind2=" ">
    <subfield code="a">V-NÁVRH</subfield>
  </datafield>
  <controlfield tag="001">ph1091614</controlfield>
  <controlfield tag="003">CZ PrNK</controlfield>
  <controlfield tag="005">20201105092916.0</controlfield>
  <controlfield tag="008">201105|n|anznnbabn           n a|a      </controlfield>
  <datafield tag="040" ind1=" " ind2=" ">
    <subfield code="a">ABA001</subfield>
    <subfield code="b">cze</subfield>
  </datafield>
  <datafield tag="072" ind1=" " ind2="7">
    <subfield code="a">552</subfield>
    <subfield code="x">Petrologie</subfield>
    <subfield code="2">Konspekt</subfield>
    <subfield code="9">7</subfield>
  </datafield>
  <datafield tag="080" ind1=" " ind2=" ">
    <subfield code="a">552.321</subfield>
    <subfield code="2">MRF_2014</subfield>
  </datafield>
  <datafield tag="150" ind1=" " ind2=" ">
    <subfield code="a">flogopitovec</subfield>
    <subfield code="7">ph1091614</subfield>
  </datafield>
  <datafield tag="450" ind1=" " ind2=" ">
    <subfield code="a">prachatický diorit</subfield>
    <subfield code="0">o</subfield>
  </datafield>
  <datafield tag="450" ind1=" " ind2=" ">
    <subfield code="a">diorit prachatický</subfield>
    <subfield code="0">o</subfield>
  </datafield>
  <datafield tag="550" ind1=" " ind2=" ">
    <subfield code="w">g</subfield>
    <subfield code="a">diority</subfield>
    <subfield code="7">ph124644</subfield>
  </datafield>
  <datafield tag="750" ind1="0" ind2="7">
    <subfield code="a">flogopitovec</subfield>
    <subfield code="2">eczenas</subfield>
  </datafield>
  <datafield tag="906" ind1=" " ind2=" ">
    <subfield code="a">wp20201105</subfield>
    <subfield code="b">napo</subfield>
  </datafield>
</record>