

<record>
  <leader>     nz  a22     n  4500</leader>
  <controlfield tag="001">xx0253593</controlfield>
  <controlfield tag="003">CZ PrNK</controlfield>
  <controlfield tag="005">20201106072505.0</controlfield>
  <controlfield tag="008">201105|n|aznnnaabn           n a|a      </controlfield>
  <datafield tag="040" ind1=" " ind2=" ">
    <subfield code="a">OLD012</subfield>
    <subfield code="b">cze</subfield>
    <subfield code="d">ABA001</subfield>
    <subfield code="e">rda</subfield>
  </datafield>
  <datafield tag="111" ind1="2" ind2=" ">
    <subfield code="a">Turmbau zu Babel - Ursprung und Vielfalt von Sprache und Schrift (výstava)</subfield>
    <subfield code="d">(2003 :</subfield>
    <subfield code="c">Štýrský Hradec, Rakousko)</subfield>
    <subfield code="7">xx0253593</subfield>
  </datafield>
  <datafield tag="368" ind1=" " ind2=" ">
    <subfield code="a">výstavy</subfield>
  </datafield>
  <datafield tag="370" ind1=" " ind2=" ">
    <subfield code="c">Rakousko</subfield>
    <subfield code="e">Štýrský Hradec, Rakousko</subfield>
  </datafield>
  <datafield tag="372" ind1=" " ind2=" ">
    <subfield code="a">historická lingvistika</subfield>
    <subfield code="a">vývoj jazyka</subfield>
    <subfield code="a">vývoj písma</subfield>
    <subfield code="a">dějiny umění</subfield>
  </datafield>
  <datafield tag="377" ind1=" " ind2=" ">
    <subfield code="a">ger</subfield>
  </datafield>
  <datafield tag="670" ind1=" " ind2=" ">
    <subfield code="a">Seipel, Wolfried (ed.): Der Turmau zu Babel: Ursprung und Vielfalt von Sprache und Schrift. Band I, Der babylonische Turm in der historischen Überlieferung, der Archäologie und der Kunst, 2003</subfield>
    <subfield code="b">autoritní forma</subfield>
  </datafield>
  <datafield tag="670" ind1=" " ind2=" ">
    <subfield code="a">www(APA-OTS), cit. 5. 11. 2020</subfield>
    <subfield code="b">biografické údaje</subfield>
  </datafield>
  <datafield tag="906" ind1=" " ind2=" ">
    <subfield code="a">za20201105</subfield>
    <subfield code="b">xpalz</subfield>
  </datafield>
  <datafield tag="906" ind1=" " ind2=" ">
    <subfield code="a">vr20201106</subfield>
    <subfield code="b">svsv</subfield>
  </datafield>
</record>