

<record>
  <leader>     nz  a22     n  4500</leader>
  <datafield tag="900" ind1=" " ind2=" ">
    <subfield code="a">K-NÁVRH</subfield>
  </datafield>
  <controlfield tag="001">ntk20201091629</controlfield>
  <controlfield tag="003">CZ PrNK</controlfield>
  <controlfield tag="005">20201105095927.0</controlfield>
  <controlfield tag="008">201105|n|aznnnaabn           n a|a      </controlfield>
  <datafield tag="024" ind1="7" ind2=" ">
    <subfield code="a">0000000110334643</subfield>
    <subfield code="2">isni</subfield>
  </datafield>
  <datafield tag="040" ind1=" " ind2=" ">
    <subfield code="a">ABA013</subfield>
    <subfield code="b">cze</subfield>
    <subfield code="e">rda</subfield>
  </datafield>
  <datafield tag="110" ind1="2" ind2=" ">
    <subfield code="a">Witwe und Erben von Johann Gottfried Schönwetter</subfield>
    <subfield code="7">ntk20201091629</subfield>
  </datafield>
  <datafield tag="368" ind1=" " ind2=" ">
    <subfield code="a">nakladatelství a vydavatelství</subfield>
    <subfield code="a">firmy</subfield>
  </datafield>
  <datafield tag="370" ind1=" " ind2=" ">
    <subfield code="c">Německo</subfield>
    <subfield code="s">1657</subfield>
    <subfield code="t">1669</subfield>
  </datafield>
  <datafield tag="370" ind1=" " ind2=" ">
    <subfield code="f">Frankfurt nad Mohanem, Německo</subfield>
    <subfield code="s">1657</subfield>
    <subfield code="t">1669</subfield>
  </datafield>
  <datafield tag="370" ind1=" " ind2=" ">
    <subfield code="f">Würzburg, Německo</subfield>
    <subfield code="s">1657</subfield>
    <subfield code="t">1659</subfield>
  </datafield>
  <datafield tag="372" ind1=" " ind2=" ">
    <subfield code="a">vydavatelská činnost</subfield>
    <subfield code="a">knižní produkce</subfield>
    <subfield code="a">knižní kultura</subfield>
  </datafield>
  <datafield tag="377" ind1=" " ind2=" ">
    <subfield code="a">lat</subfield>
    <subfield code="a">ger</subfield>
  </datafield>
  <datafield tag="410" ind1="2" ind2=" ">
    <subfield code="a">Johann Gottfried Schönwetter Witwe und Erben</subfield>
    <subfield code="0">o</subfield>
  </datafield>
  <datafield tag="410" ind1="2" ind2=" ">
    <subfield code="a">Jo. Godofr. Schönwetterus Vidua</subfield>
    <subfield code="2">czelat</subfield>
    <subfield code="0">o</subfield>
  </datafield>
  <datafield tag="410" ind1="2" ind2=" ">
    <subfield code="a">Johannes Godofredus Schönwetterus Vidua</subfield>
    <subfield code="2">czelat</subfield>
    <subfield code="0">o</subfield>
  </datafield>
  <datafield tag="410" ind1="2" ind2=" ">
    <subfield code="a">Joannes Godefridus Schönwetterus Haeredes</subfield>
    <subfield code="2">czelat</subfield>
    <subfield code="0">o</subfield>
  </datafield>
  <datafield tag="410" ind1="2" ind2=" ">
    <subfield code="a">Joannes Godefridus Schönwetterus Vidua et Haeredes</subfield>
    <subfield code="2">czelat</subfield>
    <subfield code="0">o</subfield>
  </datafield>
  <datafield tag="410" ind1="2" ind2=" ">
    <subfield code="a">Godefridi Schonwetteri vidua et haeredes</subfield>
    <subfield code="2">czelat</subfield>
    <subfield code="0">o</subfield>
  </datafield>
  <datafield tag="410" ind1="2" ind2=" ">
    <subfield code="a">Haeredes Joannis Godefridi Schönwetteri</subfield>
    <subfield code="2">czelat</subfield>
    <subfield code="0">o</subfield>
  </datafield>
  <datafield tag="410" ind1="2" ind2=" ">
    <subfield code="a">Heredes Joannis Godefridi Schönwetteri</subfield>
    <subfield code="2">czelat</subfield>
    <subfield code="0">o</subfield>
  </datafield>
  <datafield tag="410" ind1="2" ind2=" ">
    <subfield code="a">Haeredes Ioannis Godofredi Schonwetteri</subfield>
    <subfield code="2">czelat</subfield>
    <subfield code="0">o</subfield>
  </datafield>
  <datafield tag="410" ind1="2" ind2=" ">
    <subfield code="a">Hæredes Johannis Godofredi Schonwetteri</subfield>
    <subfield code="2">czelat</subfield>
    <subfield code="0">o</subfield>
  </datafield>
  <datafield tag="410" ind1="2" ind2=" ">
    <subfield code="a">Vidua &amp; Hæredes Joannis Godefridi Schönwetteri</subfield>
    <subfield code="2">czelat</subfield>
    <subfield code="0">o</subfield>
  </datafield>
  <datafield tag="410" ind1="2" ind2=" ">
    <subfield code="a">Sumptibus Viduæ &amp; Hæredum Joannis Godefridi Schönwetteri Bibliopolæ Francofurtensis</subfield>
    <subfield code="2">czelat</subfield>
    <subfield code="0">o</subfield>
  </datafield>
  <datafield tag="500" ind1="1" ind2=" ">
    <subfield code="a">Schönwetter, Elisabeth,</subfield>
    <subfield code="d">činná 1635-1663</subfield>
    <subfield code="7">xx0099713</subfield>
  </datafield>
  <datafield tag="500" ind1="1" ind2=" ">
    <subfield code="a">Schönwetter, Johann Baptist,</subfield>
    <subfield code="d">1642-1672</subfield>
    <subfield code="7">ola2009531343</subfield>
  </datafield>
  <datafield tag="665" ind1=" " ind2=" ">
    <subfield code="a">Majitelka firmy: Schönwetter, Elisabeth (činná 1635-1663). Majitel firmy: Schönwetter, Johann Baptist (1642-1672).</subfield>
  </datafield>
  <datafield tag="667" ind1=" " ind2=" ">
    <subfield code="a">http://d-nb.info/gnd/6146224-X. https://id.loc.gov/authorities/names/nr2005003848.</subfield>
  </datafield>
  <datafield tag="670" ind1=" " ind2=" ">
    <subfield code="a">CURTZ, Albert von, 1600-1671. MATHESIS CÆSAREA, sive AMUSSIS FERDINANDEA, ... Nunc secunda hac editione Scholiis, Problematibus, &amp; novis Iconismis exornata A P. GASPARE SCHOTTO ... HERBIPOLI: Sumptibus Viduæ &amp; Hæredum JOANNIS GODEFRIDI SCHÖNWETTERI Bibliopolæ Francofurtensis, ..., 1662</subfield>
    <subfield code="b">odkaz viz</subfield>
    <subfield code="u">http://diglib.hab.de/drucke/80-11-quod-1/start.htm</subfield>
  </datafield>
  <datafield tag="670" ind1=" " ind2=" ">
    <subfield code="a">LC (Names), cit. 5. 11. 2020</subfield>
    <subfield code="b">autoritní forma, odkazy viz, odkaz viz též</subfield>
    <subfield code="u">https://id.loc.gov/authorities/names/nr2005003848</subfield>
  </datafield>
  <datafield tag="670" ind1=" " ind2=" ">
    <subfield code="a">DNB, cit. 5. 11. 2020</subfield>
    <subfield code="b">odkazy viz, odkaz viz též, data a místo činnosti, údaje o firmě</subfield>
    <subfield code="u">http://d-nb.info/gnd/6146224-X</subfield>
  </datafield>
  <datafield tag="678" ind1=" " ind2=" ">
    <subfield code="a">Německé a nakladatelství, činné ve Frankfurtu nad Mohanem v letech 1657-1667 a ve Würzburgu v letech 1657-1659. Nová firma vdovy Elisabeth a synů - dědiců nakladatele Johanna Gottfrieda Schönwettera (1609-1656) navázala na jeho předchozí činnost včetně činnosti jeho původní firmy „Officina Schônwettheriana“. Do činnosti se postupně zapojil nejdříve syn Johann Baptist Schönwetter (1642-1672), po jeho úmrtí pak mladší syn Johann Martin Schönwetter (1652-1718).</subfield>
  </datafield>
  <datafield tag="906" ind1=" " ind2=" ">
    <subfield code="a">za20201105</subfield>
    <subfield code="b">evbr</subfield>
  </datafield>
  <datafield tag="906" ind1=" " ind2=" ">
    <subfield code="a">ko20201105</subfield>
    <subfield code="b">evbr</subfield>
  </datafield>
</record>