

<record>
  <leader>     nz  a22     n  4500</leader>
  <controlfield tag="001">ko20201091635</controlfield>
  <controlfield tag="003">CZ PrNK</controlfield>
  <controlfield tag="005">20201105123811.0</controlfield>
  <controlfield tag="008">201105|n|aznnnaabn           n a|a      </controlfield>
  <datafield tag="040" ind1=" " ind2=" ">
    <subfield code="a">ABA001</subfield>
    <subfield code="b">cze</subfield>
    <subfield code="d">ABA001</subfield>
    <subfield code="e">rda</subfield>
  </datafield>
  <datafield tag="111" ind1="2" ind2=" ">
    <subfield code="a">Colloque international "Les représentations du livre aux époques carolingienne et ottonienne"</subfield>
    <subfield code="d">(2015 :</subfield>
    <subfield code="c">Paříž, Francie)</subfield>
    <subfield code="7">ko20201091635</subfield>
  </datafield>
  <datafield tag="368" ind1=" " ind2=" ">
    <subfield code="a">kolokvia</subfield>
    <subfield code="a">mezinárodní konference</subfield>
  </datafield>
  <datafield tag="370" ind1=" " ind2=" ">
    <subfield code="c">Francie</subfield>
    <subfield code="e">Paříž, Francie</subfield>
  </datafield>
  <datafield tag="372" ind1=" " ind2=" ">
    <subfield code="a">dějiny knihy</subfield>
    <subfield code="a">rukopisy</subfield>
    <subfield code="a">iluminace rukopisů</subfield>
    <subfield code="a">knižní ilustrace</subfield>
    <subfield code="a">středověk</subfield>
    <subfield code="a">středověká společnost</subfield>
  </datafield>
  <datafield tag="377" ind1=" " ind2=" ">
    <subfield code="a">fre</subfield>
    <subfield code="a">eng</subfield>
  </datafield>
  <datafield tag="411" ind1="2" ind2=" ">
    <subfield code="a">Représentations du livre aux époques carolingienne et ottonienne (kolokvium)</subfield>
    <subfield code="d">(2015 :</subfield>
    <subfield code="c">Paříž, Francie)</subfield>
    <subfield code="0">o</subfield>
  </datafield>
  <datafield tag="411" ind1="2" ind2=" ">
    <subfield code="a">Les représentations du livre aux époques carolingienne et ottonienne (kolokvium)</subfield>
    <subfield code="d">(2015 :</subfield>
    <subfield code="c">Paříž, Francie)</subfield>
    <subfield code="0">o</subfield>
  </datafield>
  <datafield tag="670" ind1=" " ind2=" ">
    <subfield code="a">Imago libri : représentations carolingiennes du livre</subfield>
    <subfield code="b">autoritní forma</subfield>
  </datafield>
  <datafield tag="670" ind1=" " ind2=" ">
    <subfield code="a">www(Institut de recherche et d'histoire des textes), cit. 5.11.2020</subfield>
    <subfield code="b">autoritní forma; odkazy viz</subfield>
  </datafield>
  <datafield tag="670" ind1=" " ind2=" ">
    <subfield code="a">DNB, cit. 5.11.2020</subfield>
    <subfield code="b">autoritní forma</subfield>
  </datafield>
  <datafield tag="675" ind1=" " ind2=" ">
    <subfield code="a">LC (Names), cit. 5.11.2020</subfield>
  </datafield>
  <datafield tag="906" ind1=" " ind2=" ">
    <subfield code="a">za20201105</subfield>
    <subfield code="b">klou</subfield>
  </datafield>
  <datafield tag="906" ind1=" " ind2=" ">
    <subfield code="a">vr20201105</subfield>
    <subfield code="b">svsv</subfield>
  </datafield>
</record>