

<record>
  <leader>     nz  a22     n  4500</leader>
  <controlfield tag="001">jo20201091639</controlfield>
  <controlfield tag="003">CZ PrNK</controlfield>
  <controlfield tag="005">20201105101421.0</controlfield>
  <controlfield tag="008">201105|n|aznnnaabn           n a|a      </controlfield>
  <datafield tag="040" ind1=" " ind2=" ">
    <subfield code="a">ABA001</subfield>
    <subfield code="b">cze</subfield>
    <subfield code="e">rda</subfield>
  </datafield>
  <datafield tag="100" ind1="1" ind2=" ">
    <subfield code="a">Beňa, Peter</subfield>
    <subfield code="7">jo20201091639</subfield>
  </datafield>
  <datafield tag="370" ind1=" " ind2=" ">
    <subfield code="c">Slovensko</subfield>
  </datafield>
  <datafield tag="372" ind1=" " ind2=" ">
    <subfield code="a">aktivismus</subfield>
    <subfield code="a">hazardní hry</subfield>
    <subfield code="a">gamblerství</subfield>
    <subfield code="a">sociální práce</subfield>
  </datafield>
  <datafield tag="375" ind1=" " ind2=" ">
    <subfield code="a">muž</subfield>
  </datafield>
  <datafield tag="377" ind1=" " ind2=" ">
    <subfield code="a">slo</subfield>
  </datafield>
  <datafield tag="670" ind1=" " ind2=" ">
    <subfield code="a">Beňa, Peter: Regulácia hazardných hier na Slovensku. [Říčky]: pre Alianciu za rodinu vydal Martin Leschinger - Flétna, [2019]</subfield>
    <subfield code="b">autoritní forma, biografické údaje</subfield>
  </datafield>
  <datafield tag="675" ind1=" " ind2=" ">
    <subfield code="a">SNK, cit. 5. 11. 2020;</subfield>
    <subfield code="a">SKK SR, cit. 5. 11. 2020</subfield>
  </datafield>
  <datafield tag="678" ind1="0" ind2=" ">
    <subfield code="a">Aktivista v boji za omezení dostupnosti hazardních her.</subfield>
  </datafield>
  <datafield tag="906" ind1=" " ind2=" ">
    <subfield code="a">br20201105</subfield>
    <subfield code="b">lisi</subfield>
  </datafield>
</record>