

<record>
  <leader>     nz  a22     n  4500</leader>
  <controlfield tag="001">jo20201091649</controlfield>
  <controlfield tag="003">CZ PrNK</controlfield>
  <controlfield tag="005">20201105103249.0</controlfield>
  <controlfield tag="008">201105|n|aznnnaabn           n a|a      </controlfield>
  <datafield tag="024" ind1="7" ind2=" ">
    <subfield code="a">Q60832025</subfield>
    <subfield code="2">wikidata</subfield>
  </datafield>
  <datafield tag="040" ind1=" " ind2=" ">
    <subfield code="a">ABA001</subfield>
    <subfield code="b">cze</subfield>
    <subfield code="e">rda</subfield>
  </datafield>
  <datafield tag="046" ind1=" " ind2=" ">
    <subfield code="f">1938</subfield>
  </datafield>
  <datafield tag="100" ind1="1" ind2=" ">
    <subfield code="a">Izmozik, Vladlen Semenovič,</subfield>
    <subfield code="d">1938-</subfield>
    <subfield code="7">jo20201091649</subfield>
  </datafield>
  <datafield tag="370" ind1=" " ind2=" ">
    <subfield code="a">Petrohrad, Rusko</subfield>
    <subfield code="c">Rusko</subfield>
    <subfield code="f">Sovětský svaz</subfield>
  </datafield>
  <datafield tag="372" ind1=" " ind2=" ">
    <subfield code="a">dějiny</subfield>
    <subfield code="a">zpravodajské služby</subfield>
    <subfield code="a">samoděržaví</subfield>
    <subfield code="a">bolševismus</subfield>
  </datafield>
  <datafield tag="374" ind1=" " ind2=" ">
    <subfield code="a">historici</subfield>
    <subfield code="a">vysokoškolští učitelé</subfield>
  </datafield>
  <datafield tag="375" ind1=" " ind2=" ">
    <subfield code="a">muž</subfield>
  </datafield>
  <datafield tag="377" ind1=" " ind2=" ">
    <subfield code="a">rus</subfield>
  </datafield>
  <datafield tag="400" ind1="1" ind2=" ">
    <subfield code="a">Izmozik, V. S.,</subfield>
    <subfield code="d">1938-</subfield>
    <subfield code="0">o</subfield>
  </datafield>
  <datafield tag="670" ind1=" " ind2=" ">
    <subfield code="a">Zdanovič, A. A. - Izmozik, V. S.: Štyridsať rokov v tajných službách: život a dobrodružstvá Vladimíra Krivoša za cára aj za boľševika. Prvé vydanie. [Bratislava]: Premedia, 2017</subfield>
    <subfield code="b">odkaz viz</subfield>
  </datafield>
  <datafield tag="670" ind1=" " ind2=" ">
    <subfield code="a">RSL, cit. 5. 11. 2020</subfield>
    <subfield code="b">autoritní forma</subfield>
  </datafield>
  <datafield tag="670" ind1=" " ind2=" ">
    <subfield code="a">www(Vikipedija, svobodnaja ènciklopedija), cit. 5. 11. 2020</subfield>
    <subfield code="b">biografické údaje, národnost, pole 370, rok narození</subfield>
    <subfield code="u">https://ru.wikipedia.org/wiki/%D0%98%D0%B7%D0%BC%D0%BE%D0%B7%D0%B8%D0%BA,_%D0%92%D0%BB%D0%B0%D0%B4%D0%BB%D0%B5%D0%BD_%D0%A1%D0%B5%D0%BC%D1%91%D0%BD%D0%BE%D0%B2%D0%B8%D1%87</subfield>
  </datafield>
  <datafield tag="678" ind1="0" ind2=" ">
    <subfield code="a">Ruský historik, vysokoškolský pedagog, specializace na dějiny Ruska v první polovině 20. století a dějiny zpravodajských služeb Ruska a SSSR.</subfield>
  </datafield>
  <datafield tag="906" ind1=" " ind2=" ">
    <subfield code="a">br20201105</subfield>
    <subfield code="b">lisi</subfield>
  </datafield>
</record>