

<record>
  <leader>     nz  a22     n  4500</leader>
  <datafield tag="900" ind1=" " ind2=" ">
    <subfield code="a">*J-NÁVRH</subfield>
  </datafield>
  <controlfield tag="001">mzk20201091653</controlfield>
  <controlfield tag="003">CZ PrNK</controlfield>
  <controlfield tag="005">20201105104526.0</controlfield>
  <controlfield tag="008">201105|n|aznnnaabn           n a|a      </controlfield>
  <datafield tag="040" ind1=" " ind2=" ">
    <subfield code="a">BOA001</subfield>
    <subfield code="b">cze</subfield>
    <subfield code="e">rda</subfield>
  </datafield>
  <datafield tag="046" ind1=" " ind2=" ">
    <subfield code="f">1930</subfield>
    <subfield code="g">2017</subfield>
  </datafield>
  <datafield tag="100" ind1="1" ind2=" ">
    <subfield code="a">Zakgejm, Aleksandr Judelevič,</subfield>
    <subfield code="d">1930-2017</subfield>
    <subfield code="7">mzk20201091653</subfield>
  </datafield>
  <datafield tag="370" ind1=" " ind2=" ">
    <subfield code="b">Moskva, Rusko</subfield>
    <subfield code="c">Rusko</subfield>
  </datafield>
  <datafield tag="372" ind1=" " ind2=" ">
    <subfield code="a">chemická technologie</subfield>
    <subfield code="a">modelování a simulace</subfield>
    <subfield code="a">technologické procesy</subfield>
    <subfield code="a">školní didaktika</subfield>
    <subfield code="a">vědecko-fantastická literatura</subfield>
    <subfield code="a">poezie</subfield>
  </datafield>
  <datafield tag="374" ind1=" " ind2=" ">
    <subfield code="a">chemici</subfield>
    <subfield code="a">spisovatelé</subfield>
    <subfield code="a">vysokoškolští učitelé</subfield>
  </datafield>
  <datafield tag="375" ind1=" " ind2=" ">
    <subfield code="a">muž</subfield>
  </datafield>
  <datafield tag="377" ind1=" " ind2=" ">
    <subfield code="a">rus</subfield>
  </datafield>
  <datafield tag="400" ind1="1" ind2=" ">
    <subfield code="a">Zakgejm, Aleksandr,</subfield>
    <subfield code="d">1930-2017</subfield>
    <subfield code="0">o</subfield>
  </datafield>
  <datafield tag="670" ind1=" " ind2=" ">
    <subfield code="a">Zakgejm, Aleksandr Judelevič: Struktura potokov i chimičeskije reakcii, 1985</subfield>
  </datafield>
  <datafield tag="670" ind1=" " ind2=" ">
    <subfield code="a">RSL, cit. 5. 11. 2020</subfield>
    <subfield code="b">autoritní forma</subfield>
  </datafield>
  <datafield tag="670" ind1=" " ind2=" ">
    <subfield code="a">www(LiveLib), cit. 5. 11. 2020</subfield>
    <subfield code="b">odkaz viz, biografické údaje, rok narození, rok úmrtí, místo úmrtí</subfield>
    <subfield code="u">https://www.livelib.ru/author/502069-aleksandr-zakgejm</subfield>
  </datafield>
  <datafield tag="670" ind1=" " ind2=" ">
    <subfield code="a">www(Šverc, Inna: Pamjati Aleksanda Judeleviča Zakgejma. In: Jevrejskaja žizň/obščina,), 13. 2. 2017, cit. 5. 11. 2020</subfield>
    <subfield code="b">biografické údaje</subfield>
    <subfield code="u">http://www.sb-l.msk.ru/ABOUT/Zakgeim/Fil.pdf</subfield>
  </datafield>
  <datafield tag="678" ind1="0" ind2=" ">
    <subfield code="a">Ruský chemik a vysokoškolský učitel zaměřený na chemickou technologii, modelování technologických procesů a didaktiku výuky. Též autor vědecko-fantastické literatury a poezie.</subfield>
  </datafield>
  <datafield tag="906" ind1=" " ind2=" ">
    <subfield code="a">za20201105</subfield>
    <subfield code="b">svobal</subfield>
  </datafield>
</record>