

<record>
  <leader>     nz  a22     n  4500</leader>
  <datafield tag="900" ind1=" " ind2=" ">
    <subfield code="a">J-NÁVRH-STT</subfield>
  </datafield>
  <controlfield tag="001">ntk20201091658</controlfield>
  <controlfield tag="003">CZ PrNK</controlfield>
  <controlfield tag="005">20201105111712.0</controlfield>
  <controlfield tag="008">201105|n|aznnnaabn           n a|a      </controlfield>
  <datafield tag="024" ind1="7" ind2=" ">
    <subfield code="a">0000000028366363</subfield>
    <subfield code="2">isni</subfield>
  </datafield>
  <datafield tag="024" ind1="7" ind2=" ">
    <subfield code="a">Q58329812</subfield>
    <subfield code="2">wikidata</subfield>
  </datafield>
  <datafield tag="040" ind1=" " ind2=" ">
    <subfield code="a">ABA013</subfield>
    <subfield code="b">cze</subfield>
    <subfield code="e">rda</subfield>
  </datafield>
  <datafield tag="046" ind1=" " ind2=" ">
    <subfield code="g">1678</subfield>
  </datafield>
  <datafield tag="100" ind1="1" ind2=" ">
    <subfield code="a">Biber, Nithard,</subfield>
    <subfield code="d">-asi 1678</subfield>
    <subfield code="7">ntk20201091658</subfield>
  </datafield>
  <datafield tag="368" ind1=" " ind2=" ">
    <subfield code="d">SI</subfield>
  </datafield>
  <datafield tag="370" ind1=" " ind2=" ">
    <subfield code="c">Německo</subfield>
    <subfield code="f">Mohuč, Německo</subfield>
    <subfield code="f">Oberrhein</subfield>
  </datafield>
  <datafield tag="372" ind1=" " ind2=" ">
    <subfield code="a">katolická teologie</subfield>
    <subfield code="a">jezuitská pedagogika</subfield>
    <subfield code="a">jezuitské koleje, cenzura</subfield>
    <subfield code="a">knižní kultura</subfield>
    <subfield code="a">knižní produkce</subfield>
  </datafield>
  <datafield tag="373" ind1=" " ind2=" ">
    <subfield code="a">Jezuité</subfield>
  </datafield>
  <datafield tag="374" ind1=" " ind2=" ">
    <subfield code="a">katoličtí duchovní</subfield>
    <subfield code="a">jezuité</subfield>
    <subfield code="a">zpovědníci</subfield>
    <subfield code="a">rektoři</subfield>
    <subfield code="a">cenzoři</subfield>
  </datafield>
  <datafield tag="375" ind1=" " ind2=" ">
    <subfield code="a">muž</subfield>
  </datafield>
  <datafield tag="377" ind1=" " ind2=" ">
    <subfield code="a">lat</subfield>
  </datafield>
  <datafield tag="400" ind1="1" ind2=" ">
    <subfield code="a">Biberus, Nithard,</subfield>
    <subfield code="d">-asi 1678</subfield>
    <subfield code="0">o</subfield>
  </datafield>
  <datafield tag="400" ind1="1" ind2=" ">
    <subfield code="a">Biberus, Nithardus,</subfield>
    <subfield code="d">-asi 1678</subfield>
    <subfield code="0">o</subfield>
  </datafield>
  <datafield tag="400" ind1="1" ind2=" ">
    <subfield code="a">Biber, Nithrard,</subfield>
    <subfield code="d">-asi 1678</subfield>
    <subfield code="0">o</subfield>
  </datafield>
  <datafield tag="400" ind1="1" ind2=" ">
    <subfield code="a">Biber, Neithard,</subfield>
    <subfield code="d">-asi 1678</subfield>
    <subfield code="0">o</subfield>
  </datafield>
  <datafield tag="400" ind1="1" ind2=" ">
    <subfield code="a">Biber, Nitard,</subfield>
    <subfield code="d">-asi 1678</subfield>
    <subfield code="0">o</subfield>
  </datafield>
  <datafield tag="667" ind1=" " ind2=" ">
    <subfield code="a">http://d-nb.info/gnd/13554761X.</subfield>
  </datafield>
  <datafield tag="670" ind1=" " ind2=" ">
    <subfield code="a">P. GASPARIS SCHOTTI ... MECHANICA HYDRAULICO-PNEVMATICA: ... Herbipoli: Sumptu Heredum JOANNIS GODEFREDI SCHÖNWETTERI, ..., 1658. [Cenzor]: FACULTAS R. P. PROVINCIALIS ... 21. Januarij 1656. NITHARDUS BIBERUS</subfield>
    <subfield code="b">odkaz viz</subfield>
    <subfield code="u">http://resolver.staatsbibliothek-berlin.de/SBB00018FA200000000</subfield>
  </datafield>
  <datafield tag="670" ind1=" " ind2=" ">
    <subfield code="a">DNB, cit. 5. 11. 2020</subfield>
    <subfield code="b">autoritní forma, odkazy viz, datum úmrtí, biografické a profesní údaje</subfield>
    <subfield code="u">http://d-nb.info/gnd/13554761X</subfield>
  </datafield>
  <datafield tag="670" ind1=" " ind2=" ">
    <subfield code="a">www(WorldCat Identities, Biber, Nithard -1678), cit. 5. 11. 2020</subfield>
    <subfield code="b">seznam publikací, pole 377</subfield>
    <subfield code="u">https://www.worldcat.org/identities/viaf-18442529/</subfield>
  </datafield>
  <datafield tag="678" ind1="0" ind2=" ">
    <subfield code="a">Německý katolický teolog, člen řádu Tovaryšstva Ježíšova (v letech 1648-1651 a 1653-1656 zastával funkci provinciála Hornorýnské provincie). V r. 1629 byl rektorem Mohučské jezuitské koleje a v r. 1636 zpovědníkem mohučského kurfiřta Anselma Casimira (1579-1647). V knihách 17. století bývá uváděn také v roli cenzora.</subfield>
  </datafield>
  <datafield tag="906" ind1=" " ind2=" ">
    <subfield code="a">za20201105</subfield>
    <subfield code="b">evbr</subfield>
  </datafield>
  <datafield tag="906" ind1=" " ind2=" ">
    <subfield code="a">ko20201105</subfield>
    <subfield code="b">evbr</subfield>
  </datafield>
</record>