

<record>
  <leader>     nz  a22     n  4500</leader>
  <datafield tag="900" ind1=" " ind2=" ">
    <subfield code="a">J-NÁVRH-STT</subfield>
  </datafield>
  <controlfield tag="001">ntk20201091677</controlfield>
  <controlfield tag="003">CZ PrNK</controlfield>
  <controlfield tag="005">20201105121418.0</controlfield>
  <controlfield tag="008">201105|n|aznnnaabn           n a|a      </controlfield>
  <datafield tag="040" ind1=" " ind2=" ">
    <subfield code="a">ABA013</subfield>
    <subfield code="b">cze</subfield>
    <subfield code="e">rda</subfield>
  </datafield>
  <datafield tag="046" ind1=" " ind2=" ">
    <subfield code="f">1623</subfield>
    <subfield code="g">1689</subfield>
  </datafield>
  <datafield tag="100" ind1="1" ind2=" ">
    <subfield code="a">Mohr, Nicolaus,</subfield>
    <subfield code="d">1623-1689</subfield>
    <subfield code="7">ntk20201091677</subfield>
  </datafield>
  <datafield tag="368" ind1=" " ind2=" ">
    <subfield code="d">Professor</subfield>
    <subfield code="d">SI</subfield>
  </datafield>
  <datafield tag="370" ind1=" " ind2=" ">
    <subfield code="c">Německo</subfield>
    <subfield code="f">Würzburg, Německo</subfield>
  </datafield>
  <datafield tag="372" ind1=" " ind2=" ">
    <subfield code="a">katolická teologie</subfield>
    <subfield code="a">jezuitská pedagogika</subfield>
    <subfield code="a">jezuitské koleje</subfield>
  </datafield>
  <datafield tag="373" ind1=" " ind2=" ">
    <subfield code="a">Jezuité</subfield>
  </datafield>
  <datafield tag="374" ind1=" " ind2=" ">
    <subfield code="a">katoličtí duchovní</subfield>
    <subfield code="a">jezuité</subfield>
    <subfield code="a">učitelé</subfield>
  </datafield>
  <datafield tag="375" ind1=" " ind2=" ">
    <subfield code="a">muž</subfield>
  </datafield>
  <datafield tag="377" ind1=" " ind2=" ">
    <subfield code="a">lat</subfield>
    <subfield code="a">ger</subfield>
  </datafield>
  <datafield tag="400" ind1="1" ind2=" ">
    <subfield code="a">Mohr, Nikolaus,</subfield>
    <subfield code="d">1623-1689</subfield>
    <subfield code="0">o</subfield>
  </datafield>
  <datafield tag="667" ind1=" " ind2=" ">
    <subfield code="a">http://d-nb.info/gnd/100378374.</subfield>
  </datafield>
  <datafield tag="670" ind1=" " ind2=" ">
    <subfield code="a">P. GASPARIS SCHOTTI ... MECHANICA HYDRAULICO-PNEVMATICA: ... Herbipoli: Sumptu Heredum JOANNIS GODEFREDI SCHÖNWETTERI, ..., 1658. IN FRONTEM LIBRI ... P. NICOLAUS MOHR e Societate JESU</subfield>
    <subfield code="b">autoritní forma</subfield>
    <subfield code="u">http://resolver.staatsbibliothek-berlin.de/SBB00018FA200000000</subfield>
  </datafield>
  <datafield tag="670" ind1=" " ind2=" ">
    <subfield code="a">DNB, cit. 5. 11. 2020</subfield>
    <subfield code="b">autoritní forma, odkaz viz, datum narození a úmrtí, biografické a profesní údaje</subfield>
    <subfield code="u">http://d-nb.info/gnd/100378374</subfield>
  </datafield>
  <datafield tag="670" ind1=" " ind2=" ">
    <subfield code="a">www(WorldCat Identities, Mohr, Nicolaus 1623-1689), cit. 5. 11. 2020</subfield>
    <subfield code="b">seznam publikací, pole 377</subfield>
    <subfield code="u">https://www.worldcat.org/identities/viaf-316417914</subfield>
  </datafield>
  <datafield tag="678" ind1="0" ind2=" ">
    <subfield code="a">Německý katolický teolog z Würzburgu, člen řádu Tovaryšstva Ježíšova. Byl profesorem, publikačně činný.</subfield>
  </datafield>
  <datafield tag="906" ind1=" " ind2=" ">
    <subfield code="a">za20201105</subfield>
    <subfield code="b">evbr</subfield>
  </datafield>
  <datafield tag="906" ind1=" " ind2=" ">
    <subfield code="a">ko20201105</subfield>
    <subfield code="b">evbr</subfield>
  </datafield>
</record>