

<record>
  <leader>     nz  a22     n  4500</leader>
  <datafield tag="900" ind1=" " ind2=" ">
    <subfield code="a">J-NÁVRH</subfield>
  </datafield>
  <controlfield tag="001">uk20201091680</controlfield>
  <controlfield tag="003">CZ PrNK</controlfield>
  <controlfield tag="005">20201105115828.0</controlfield>
  <controlfield tag="008">201105|n|aznnnaabn           n a|a      </controlfield>
  <datafield tag="040" ind1=" " ind2=" ">
    <subfield code="a">ABD156</subfield>
    <subfield code="b">cze</subfield>
    <subfield code="e">rda</subfield>
  </datafield>
  <datafield tag="046" ind1=" " ind2=" ">
    <subfield code="f">1921</subfield>
    <subfield code="g">1974</subfield>
  </datafield>
  <datafield tag="100" ind1="1" ind2=" ">
    <subfield code="a">Kozler, Oldřich,</subfield>
    <subfield code="d">1921-1974</subfield>
    <subfield code="7">uk20201091680</subfield>
  </datafield>
  <datafield tag="368" ind1=" " ind2=" ">
    <subfield code="d">Ing. (ekonomie)</subfield>
    <subfield code="s">1971</subfield>
  </datafield>
  <datafield tag="370" ind1=" " ind2=" ">
    <subfield code="a">Suché Vrbné, České Budějovice, Česko</subfield>
    <subfield code="b">Praha, Česko</subfield>
    <subfield code="c">Česko</subfield>
  </datafield>
  <datafield tag="372" ind1=" " ind2=" ">
    <subfield code="a">služby v církvi</subfield>
    <subfield code="a">náboženské vzdělávání</subfield>
    <subfield code="a">ekonomie</subfield>
    <subfield code="a">zpěv</subfield>
    <subfield code="a">lektorství (liturgie)</subfield>
  </datafield>
  <datafield tag="373" ind1=" " ind2=" ">
    <subfield code="a">Církev československá husitská</subfield>
  </datafield>
  <datafield tag="373" ind1=" " ind2=" ">
    <subfield code="a">Výzkumný ústav pedagogický v Praze</subfield>
    <subfield code="s">1966</subfield>
  </datafield>
  <datafield tag="373" ind1=" " ind2=" ">
    <subfield code="a">Pěvecké sdružení pražských učitelů</subfield>
    <subfield code="s">1966</subfield>
    <subfield code="t">1974</subfield>
  </datafield>
  <datafield tag="374" ind1=" " ind2=" ">
    <subfield code="a">faráři</subfield>
    <subfield code="s">1962</subfield>
  </datafield>
  <datafield tag="374" ind1=" " ind2=" ">
    <subfield code="a">učitelé</subfield>
    <subfield code="a">ekonomové</subfield>
    <subfield code="a">lektoři (liturgie)</subfield>
  </datafield>
  <datafield tag="375" ind1=" " ind2=" ">
    <subfield code="a">muž</subfield>
  </datafield>
  <datafield tag="377" ind1=" " ind2=" ">
    <subfield code="a">cze</subfield>
  </datafield>
  <datafield tag="670" ind1=" " ind2=" ">
    <subfield code="a">Kozler, Oldřich: Návrh obecné diskuse. In: Náboženská revue, příloha Jednota, roč. 29, č. 3 (1958), s . 33-35</subfield>
  </datafield>
  <datafield tag="670" ind1=" " ind2=" ">
    <subfield code="a">Biografický slovník Církve československé husitské (editoři: Martin Jindra, Marcel Sladkowski), 2020</subfield>
    <subfield code="b">autoritní forma, data, biografické údaje</subfield>
  </datafield>
  <datafield tag="678" ind1="0" ind2=" ">
    <subfield code="a">Narozen 28. 3. 1921 v Suchém Vrbném, zemřel 24. 12. 1974 v Praze, učitel náboženství v Lišanech (1940-1943), Roudnici nad Labem (1943-1944) a v Praze-Vršovicích (1944-1945), farář Církve československé husitské v Praze-Břevnově (1948-1952; 1955-1961), v Nymburku (1961-1962), spirituál v Bohoslovecké koleji CČS (1952-1955), lektor církevního zpěvu na Husově československé bohoslovecké fakultě, člen Pěveckého sdružení pražských učitelů (1966-1974), v roce 1962 odešel do civilního zaměstnání, pracoval jako ekonom ve Výzkumném ústavu pedagogickém Praha (od roku 1966); dědeček Jana Kozlera (1976-), duchovního CČSH a hlavního kaplana Armády České republiky (2006-2015).</subfield>
  </datafield>
  <datafield tag="906" ind1=" " ind2=" ">
    <subfield code="a">za20201105</subfield>
    <subfield code="b">ruzena</subfield>
  </datafield>
</record>