

<record>
  <leader>     nz  a22     n  4500</leader>
  <controlfield tag="001">jo20201091681</controlfield>
  <controlfield tag="003">CZ PrNK</controlfield>
  <controlfield tag="005">20201105120024.0</controlfield>
  <controlfield tag="008">201105|n|aznnnaabn           n a|a      </controlfield>
  <datafield tag="024" ind1="7" ind2=" ">
    <subfield code="a">0000000107840879</subfield>
    <subfield code="2">isni</subfield>
  </datafield>
  <datafield tag="024" ind1="7" ind2=" ">
    <subfield code="a">Q718567</subfield>
    <subfield code="2">wikidata</subfield>
  </datafield>
  <datafield tag="040" ind1=" " ind2=" ">
    <subfield code="a">ABA001</subfield>
    <subfield code="b">cze</subfield>
    <subfield code="e">rda</subfield>
  </datafield>
  <datafield tag="046" ind1=" " ind2=" ">
    <subfield code="f">1320</subfield>
    <subfield code="g">1399</subfield>
  </datafield>
  <datafield tag="100" ind1="1" ind2=" ">
    <subfield code="a">Eimeric, Nicolau,</subfield>
    <subfield code="d">1320-1399</subfield>
    <subfield code="7">jo20201091681</subfield>
  </datafield>
  <datafield tag="368" ind1=" " ind2=" ">
    <subfield code="d">OP</subfield>
    <subfield code="s">1334</subfield>
  </datafield>
  <datafield tag="368" ind1=" " ind2=" ">
    <subfield code="d">Inquisidor General de Aragón</subfield>
    <subfield code="s">1357</subfield>
  </datafield>
  <datafield tag="368" ind1=" " ind2=" ">
    <subfield code="d">Inquisidor General de España</subfield>
    <subfield code="s">1366</subfield>
    <subfield code="t">1399</subfield>
  </datafield>
  <datafield tag="370" ind1=" " ind2=" ">
    <subfield code="c">Španělsko</subfield>
  </datafield>
  <datafield tag="372" ind1=" " ind2=" ">
    <subfield code="a">teologie</subfield>
    <subfield code="a">inkvizice</subfield>
    <subfield code="a">katolicismus</subfield>
  </datafield>
  <datafield tag="373" ind1=" " ind2=" ">
    <subfield code="a">Dominikáni</subfield>
    <subfield code="s">1334</subfield>
  </datafield>
  <datafield tag="374" ind1=" " ind2=" ">
    <subfield code="a">katoličtí duchovní</subfield>
  </datafield>
  <datafield tag="375" ind1=" " ind2=" ">
    <subfield code="a">muž</subfield>
  </datafield>
  <datafield tag="377" ind1=" " ind2=" ">
    <subfield code="a">lat</subfield>
  </datafield>
  <datafield tag="400" ind1="1" ind2=" ">
    <subfield code="a">Aymerich, Nicolás,</subfield>
    <subfield code="d">1320-1399</subfield>
    <subfield code="0">o</subfield>
  </datafield>
  <datafield tag="400" ind1="1" ind2=" ">
    <subfield code="a">Eimeric, Nicolás,</subfield>
    <subfield code="d">1320-1399</subfield>
    <subfield code="0">o</subfield>
  </datafield>
  <datafield tag="400" ind1="1" ind2=" ">
    <subfield code="a">Eimerico, Nicolás,</subfield>
    <subfield code="d">1320-1399</subfield>
    <subfield code="0">o</subfield>
  </datafield>
  <datafield tag="400" ind1="1" ind2=" ">
    <subfield code="a">Eymeric, Nicolás,</subfield>
    <subfield code="d">1320-1399</subfield>
    <subfield code="0">o</subfield>
  </datafield>
  <datafield tag="400" ind1="1" ind2=" ">
    <subfield code="a">Eymeric, Nicolau,</subfield>
    <subfield code="d">1320-1399</subfield>
    <subfield code="0">o</subfield>
  </datafield>
  <datafield tag="400" ind1="1" ind2=" ">
    <subfield code="a">Eymerich, Nicolás,</subfield>
    <subfield code="d">1320-1399</subfield>
    <subfield code="0">o</subfield>
  </datafield>
  <datafield tag="400" ind1="1" ind2=" ">
    <subfield code="a">Eymerich, Nicolau,</subfield>
    <subfield code="d">1320-1399</subfield>
    <subfield code="0">o</subfield>
  </datafield>
  <datafield tag="400" ind1="1" ind2=" ">
    <subfield code="a">Eymerico, Nicolao,</subfield>
    <subfield code="d">1320-1399</subfield>
    <subfield code="0">o</subfield>
  </datafield>
  <datafield tag="400" ind1="1" ind2=" ">
    <subfield code="a">Eymericus, Nicolaus,</subfield>
    <subfield code="d">1320-1399</subfield>
    <subfield code="0">o</subfield>
  </datafield>
  <datafield tag="400" ind1="1" ind2=" ">
    <subfield code="a">Aimerich, Nicolaus,</subfield>
    <subfield code="d">1320-1399</subfield>
    <subfield code="0">o</subfield>
  </datafield>
  <datafield tag="400" ind1="0" ind2=" ">
    <subfield code="a">Nicolao,</subfield>
    <subfield code="c">Eymerico,</subfield>
    <subfield code="d">1320-1399</subfield>
    <subfield code="0">o</subfield>
  </datafield>
  <datafield tag="400" ind1="0" ind2=" ">
    <subfield code="a">Nicolaus,</subfield>
    <subfield code="c">Aymerich,</subfield>
    <subfield code="d">1320-1399</subfield>
    <subfield code="0">o</subfield>
  </datafield>
  <datafield tag="400" ind1="0" ind2=" ">
    <subfield code="a">Nicolaus,</subfield>
    <subfield code="c">Capellanus,</subfield>
    <subfield code="d">1320-1399</subfield>
    <subfield code="0">o</subfield>
  </datafield>
  <datafield tag="400" ind1="0" ind2=" ">
    <subfield code="a">Nicolaus,</subfield>
    <subfield code="c">Eymerici,</subfield>
    <subfield code="d">1320-1399</subfield>
    <subfield code="0">o</subfield>
  </datafield>
  <datafield tag="400" ind1="0" ind2=" ">
    <subfield code="a">Nicolaus,</subfield>
    <subfield code="c">Inquisitor,</subfield>
    <subfield code="d">1320-1399</subfield>
    <subfield code="0">o</subfield>
  </datafield>
  <datafield tag="670" ind1=" " ind2=" ">
    <subfield code="a">Hill, Derek: Inquisition in the fourteenth century: the manuals of Bernard Gui and Nicholas Eymerich. First published. Woodbridge, Suffolk, UK: York Medieval Press, 2019</subfield>
  </datafield>
  <datafield tag="670" ind1=" " ind2=" ">
    <subfield code="a">BNE, cit. 5. 11. 2020</subfield>
    <subfield code="b">autoritní forma, odkazy viz, biografické údaje, životní data, pole 375, 377</subfield>
  </datafield>
  <datafield tag="670" ind1=" " ind2=" ">
    <subfield code="a">DNB, cit. 5. 11. 2020</subfield>
    <subfield code="b">odkaz viz, pole 370</subfield>
  </datafield>
  <datafield tag="670" ind1=" " ind2=" ">
    <subfield code="a">www(Wikipedie, otevřená encyklopedie), cit. 5. 11. 2020</subfield>
    <subfield code="b">biografické údaje, národnost</subfield>
    <subfield code="u">https://cs.wikipedia.org/wiki/Nicolaus_Eymeric</subfield>
  </datafield>
  <datafield tag="670" ind1=" " ind2=" ">
    <subfield code="a">www(Wikipedia, la enciclopedia libre), cit. 5. 11. 2020</subfield>
    <subfield code="b">biografické údaje, pole 368</subfield>
    <subfield code="u">https://es.wikipedia.org/wiki/Nicol%C3%A1s_Aymerich</subfield>
  </datafield>
  <datafield tag="678" ind1="0" ind2=" ">
    <subfield code="a">Španělský teolog, příslušník dominikánského řádu, inkvizitor.</subfield>
  </datafield>
  <datafield tag="906" ind1=" " ind2=" ">
    <subfield code="a">br20201105</subfield>
    <subfield code="b">lisi</subfield>
  </datafield>
</record>