

<record>
  <leader>     nz  a22     n  4500</leader>
  <datafield tag="900" ind1=" " ind2=" ">
    <subfield code="a">J-NÁVRH</subfield>
  </datafield>
  <controlfield tag="001">pna20201091721</controlfield>
  <controlfield tag="003">CZ PrNK</controlfield>
  <controlfield tag="005">20201105135641.0</controlfield>
  <controlfield tag="008">201105|n|aznnnaabn           n a|a      </controlfield>
  <datafield tag="040" ind1=" " ind2=" ">
    <subfield code="a">PNA001</subfield>
    <subfield code="b">cze</subfield>
    <subfield code="e">rda</subfield>
  </datafield>
  <datafield tag="046" ind1=" " ind2=" ">
    <subfield code="f">1965</subfield>
  </datafield>
  <datafield tag="100" ind1="1" ind2=" ">
    <subfield code="a">Bitter, Claudia,</subfield>
    <subfield code="d">1965-</subfield>
    <subfield code="7">pna20201091721</subfield>
  </datafield>
  <datafield tag="370" ind1=" " ind2=" ">
    <subfield code="c">Rakousko</subfield>
  </datafield>
  <datafield tag="372" ind1=" " ind2=" ">
    <subfield code="a">literární činnost</subfield>
    <subfield code="a">umělecká literatura</subfield>
    <subfield code="a">literární překlady</subfield>
    <subfield code="a">výtvarné umění</subfield>
    <subfield code="a">knihovnictví</subfield>
  </datafield>
  <datafield tag="374" ind1=" " ind2=" ">
    <subfield code="a">spisovatelky</subfield>
    <subfield code="a">překladatelky</subfield>
    <subfield code="a">výtvarnice</subfield>
    <subfield code="a">knihovnice</subfield>
  </datafield>
  <datafield tag="375" ind1=" " ind2=" ">
    <subfield code="a">žena</subfield>
  </datafield>
  <datafield tag="377" ind1=" " ind2=" ">
    <subfield code="a">ger</subfield>
  </datafield>
  <datafield tag="670" ind1=" " ind2=" ">
    <subfield code="a">Bitter, Claudia: Kennzeichnung, 2020</subfield>
  </datafield>
  <datafield tag="670" ind1=" " ind2=" ">
    <subfield code="a">DNB, cit. 5. 11. 2020</subfield>
    <subfield code="b">autoritní forma, datum narození, profesní údaje, souvis. místo</subfield>
  </datafield>
  <datafield tag="670" ind1=" " ind2=" ">
    <subfield code="a">www(Wikipedia, die freie Enzyklopädie), cit. 5. 11. 2020</subfield>
    <subfield code="b">národnost, profesní údaje</subfield>
    <subfield code="u">https://de.wikipedia.org/wiki/Claudia_Bitter</subfield>
  </datafield>
  <datafield tag="678" ind1="0" ind2=" ">
    <subfield code="a">Rakouská spisovatelka, překladatelka, výtvarnice a knihovnice.</subfield>
  </datafield>
  <datafield tag="906" ind1=" " ind2=" ">
    <subfield code="a">za20201105</subfield>
    <subfield code="b">kali</subfield>
  </datafield>
</record>