

<record>
  <leader>     nz  a22     n  4500</leader>
  <controlfield tag="001">jo20201091726</controlfield>
  <controlfield tag="003">CZ PrNK</controlfield>
  <controlfield tag="005">20201105140652.0</controlfield>
  <controlfield tag="008">201105|n|aznnnaabn           n a|a      </controlfield>
  <datafield tag="024" ind1="7" ind2=" ">
    <subfield code="a">Q32347</subfield>
    <subfield code="2">wikidata</subfield>
  </datafield>
  <datafield tag="040" ind1=" " ind2=" ">
    <subfield code="a">ABA001</subfield>
    <subfield code="b">cze</subfield>
    <subfield code="e">rda</subfield>
  </datafield>
  <datafield tag="046" ind1=" " ind2=" ">
    <subfield code="f">1857</subfield>
    <subfield code="g">1885</subfield>
  </datafield>
  <datafield tag="100" ind1="0" ind2=" ">
    <subfield code="a">Alfonso</subfield>
    <subfield code="b">XII.,</subfield>
    <subfield code="c">španělský král,</subfield>
    <subfield code="d">1857-1885</subfield>
    <subfield code="7">jo20201091726</subfield>
  </datafield>
  <datafield tag="368" ind1=" " ind2=" ">
    <subfield code="d">Rey de España</subfield>
    <subfield code="s">1874</subfield>
    <subfield code="t">1885</subfield>
  </datafield>
  <datafield tag="368" ind1=" " ind2=" ">
    <subfield code="d">Príncipe de Asturias</subfield>
    <subfield code="s">1857</subfield>
    <subfield code="t">1870</subfield>
  </datafield>
  <datafield tag="368" ind1=" " ind2=" ">
    <subfield code="d">Pretendiente al trono de España</subfield>
    <subfield code="s">1870</subfield>
    <subfield code="t">1874</subfield>
  </datafield>
  <datafield tag="370" ind1=" " ind2=" ">
    <subfield code="c">Španělsko</subfield>
  </datafield>
  <datafield tag="372" ind1=" " ind2=" ">
    <subfield code="a">politika</subfield>
  </datafield>
  <datafield tag="374" ind1=" " ind2=" ">
    <subfield code="a">panovníci</subfield>
  </datafield>
  <datafield tag="375" ind1=" " ind2=" ">
    <subfield code="a">muž</subfield>
  </datafield>
  <datafield tag="400" ind1="0" ind2=" ">
    <subfield code="a">Alfonso Francisco de Asís Fernando Pío Juan María de la Concepción Gregorio Pelayo de Borbón y Borbón,</subfield>
    <subfield code="d">1857-1885</subfield>
    <subfield code="0">o</subfield>
  </datafield>
  <datafield tag="400" ind1="0" ind2=" ">
    <subfield code="a">Alfons</subfield>
    <subfield code="b">XII.,</subfield>
    <subfield code="c">španělský král,</subfield>
    <subfield code="d">1857-1885</subfield>
    <subfield code="0">o</subfield>
  </datafield>
  <datafield tag="400" ind1="1" ind2=" ">
    <subfield code="a">Borbón y de Borbón, Alfonso de,</subfield>
    <subfield code="d">1857-1885</subfield>
    <subfield code="0">o</subfield>
  </datafield>
  <datafield tag="400" ind1="0" ind2=" ">
    <subfield code="a">Alfonso,</subfield>
    <subfield code="c">el Pacificador,</subfield>
    <subfield code="d">1857-1885</subfield>
    <subfield code="0">o</subfield>
  </datafield>
  <datafield tag="670" ind1=" " ind2=" ">
    <subfield code="a">Ramírez Jiménez, David: Alfonso XII: (1874-1885). Madrid: Real Academia Matritense de Heráldica y Genealogía, 2017</subfield>
  </datafield>
  <datafield tag="670" ind1=" " ind2=" ">
    <subfield code="a">BNE, cit. 5. 11. 2020</subfield>
    <subfield code="b">autoritní forma, odkaz viz, biografické údaje, životní data</subfield>
  </datafield>
  <datafield tag="670" ind1=" " ind2=" ">
    <subfield code="a">DNB, cit. 5. 11. 2020</subfield>
    <subfield code="b">odkaz viz</subfield>
  </datafield>
  <datafield tag="670" ind1=" " ind2=" ">
    <subfield code="a">Drška, Václav et al.: Encyklopedie osobností Evropy od starověku do současnosti. 1. vyd. Praha: Nakladatelský dům OP, 1993</subfield>
    <subfield code="b">autoritní forma, biografické údaje, životní data</subfield>
  </datafield>
  <datafield tag="670" ind1=" " ind2=" ">
    <subfield code="a">www(Wikipedie, otevřená encyklopedie), cit. 5. 11. 2020</subfield>
    <subfield code="b">biografické údaje, odkaz viz</subfield>
    <subfield code="u">https://cs.wikipedia.org/wiki/Alfons_XII.</subfield>
  </datafield>
  <datafield tag="670" ind1=" " ind2=" ">
    <subfield code="a">www(Wikipedia, la enciclopedia libre), cit. 5. 11. 2020</subfield>
    <subfield code="b">biografické údaje, pole 368</subfield>
    <subfield code="u">https://es.wikipedia.org/wiki/Alfonso_XII_de_Espa%C3%B1a</subfield>
  </datafield>
  <datafield tag="678" ind1="0" ind2=" ">
    <subfield code="a">Španělský král z dynastie Bourbonů vládnoucí v letech 1870 (fakticky 1875)-1885.</subfield>
  </datafield>
  <datafield tag="906" ind1=" " ind2=" ">
    <subfield code="a">br20201105</subfield>
    <subfield code="b">lisi</subfield>
  </datafield>
</record>