

<record>
  <leader>     nz  a22     n  4500</leader>
  <datafield tag="900" ind1=" " ind2=" ">
    <subfield code="a">J-NÁVRH-S</subfield>
  </datafield>
  <controlfield tag="001">js20201091733</controlfield>
  <controlfield tag="003">CZ PrNK</controlfield>
  <controlfield tag="005">20201105151937.0</controlfield>
  <controlfield tag="008">201105|n|aznnnaabn           n a|a      </controlfield>
  <datafield tag="040" ind1=" " ind2=" ">
    <subfield code="a">ABA004</subfield>
    <subfield code="b">cze</subfield>
    <subfield code="e">rda</subfield>
  </datafield>
  <datafield tag="046" ind1=" " ind2=" ">
    <subfield code="f">1880</subfield>
    <subfield code="g">1959</subfield>
  </datafield>
  <datafield tag="100" ind1="1" ind2=" ">
    <subfield code="a">Rachìvs‘kyj, O.,</subfield>
    <subfield code="d">1880-1959</subfield>
    <subfield code="7">js20201091733</subfield>
  </datafield>
  <datafield tag="370" ind1=" " ind2=" ">
    <subfield code="c">Ukrajina</subfield>
    <subfield code="c">Maďarsko</subfield>
  </datafield>
  <datafield tag="372" ind1=" " ind2=" ">
    <subfield code="a">filologie</subfield>
    <subfield code="a">slavistika</subfield>
    <subfield code="a">literární věda</subfield>
    <subfield code="a">etnografie</subfield>
    <subfield code="a">překladatelská činnost</subfield>
  </datafield>
  <datafield tag="374" ind1=" " ind2=" ">
    <subfield code="a">filologové</subfield>
    <subfield code="a">slavisté</subfield>
    <subfield code="a">literární vědci</subfield>
    <subfield code="a">překladatelé</subfield>
    <subfield code="a">vysokoškolští učitelé</subfield>
  </datafield>
  <datafield tag="375" ind1=" " ind2=" ">
    <subfield code="a">muž</subfield>
  </datafield>
  <datafield tag="377" ind1=" " ind2=" ">
    <subfield code="a">hun</subfield>
    <subfield code="a">ukr</subfield>
    <subfield code="a">rus</subfield>
    <subfield code="a">sla</subfield>
    <subfield code="a">ger</subfield>
  </datafield>
  <datafield tag="400" ind1="1" ind2=" ">
    <subfield code="a">Rahivskij, O.,</subfield>
    <subfield code="d">1880-1959</subfield>
    <subfield code="2">czehun</subfield>
    <subfield code="0">o</subfield>
  </datafield>
  <datafield tag="500" ind1="1" ind2=" ">
    <subfield code="w">r</subfield>
    <subfield code="i">Skutečné jméno:</subfield>
    <subfield code="a">Bonkáló, Sándor,</subfield>
    <subfield code="d">1880-1959</subfield>
  </datafield>
  <datafield tag="670" ind1=" " ind2=" ">
    <subfield code="a">OSZK, cit. 5. 11. 2020</subfield>
    <subfield code="b">odkaz viz, viz též, datum narození a úmrtí</subfield>
  </datafield>
  <datafield tag="670" ind1=" " ind2=" ">
    <subfield code="a">www(Vìkìpedìja, vìl‘na encyklopedìja - Bonkáló, Sándor), cit. 5. 11. 2020</subfield>
    <subfield code="b">autoritní forma, biografické údaje, odkaz viz též</subfield>
    <subfield code="u">https://uk.wikipedia.org/wiki/%D0%A8%D0%B0%D0%BD%D0%B4%D0%BE%D1%80_%D0%91%D0%BE%D0%BD%D0%BA%D0%B0%D0%BB%D0%BE</subfield>
  </datafield>
  <datafield tag="670" ind1=" " ind2=" ">
    <subfield code="a">Rachivs‘kij, O.: Viimki iz ugors'ko-rus'kogo pis'menstva XVII-XVIII. vv. [1919]</subfield>
  </datafield>
  <datafield tag="675" ind1=" " ind2=" ">
    <subfield code="a">NBU, cit. 5. 11. 2020</subfield>
  </datafield>
  <datafield tag="678" ind1="0" ind2=" ">
    <subfield code="a">Maďarský slavista, literární vědec, překladatel, etnograf a historik Zakarpatské Ukrajiny.</subfield>
  </datafield>
  <datafield tag="906" ind1=" " ind2=" ">
    <subfield code="a">za20201105</subfield>
    <subfield code="b">tapo</subfield>
  </datafield>
</record>