

<record>
  <leader>     nz  a22     n  4500</leader>
  <datafield tag="900" ind1=" " ind2=" ">
    <subfield code="a">*J-NÁVRH</subfield>
  </datafield>
  <controlfield tag="001">av20201091735</controlfield>
  <controlfield tag="003">CZ PrNK</controlfield>
  <controlfield tag="005">20201105152221.0</controlfield>
  <controlfield tag="008">201105|n|aznnnaabn           n a|a      </controlfield>
  <datafield tag="040" ind1=" " ind2=" ">
    <subfield code="a">ABB060</subfield>
    <subfield code="b">cze</subfield>
    <subfield code="e">rda</subfield>
  </datafield>
  <datafield tag="046" ind1=" " ind2=" ">
    <subfield code="f">1953</subfield>
    <subfield code="g">2005</subfield>
  </datafield>
  <datafield tag="100" ind1="1" ind2=" ">
    <subfield code="a">Hrabák, Martin,</subfield>
    <subfield code="d">1953-2005</subfield>
    <subfield code="7">av20201091735</subfield>
  </datafield>
  <datafield tag="370" ind1=" " ind2=" ">
    <subfield code="a">Praha, Česko</subfield>
    <subfield code="b">Praha, Česko</subfield>
    <subfield code="c">Česko</subfield>
  </datafield>
  <datafield tag="372" ind1=" " ind2=" ">
    <subfield code="a">divadelní dramaturgie</subfield>
    <subfield code="a">divadelní kritika</subfield>
    <subfield code="a">publicistika</subfield>
    <subfield code="a">výchova a vzdělávání</subfield>
    <subfield code="a">rozhlas</subfield>
    <subfield code="a">rozhlasové pořady</subfield>
  </datafield>
  <datafield tag="374" ind1=" " ind2=" ">
    <subfield code="a">divadelní dramaturgové</subfield>
    <subfield code="a">divadelní kritici</subfield>
    <subfield code="a">publicisté</subfield>
    <subfield code="a">učitelé</subfield>
    <subfield code="a">rozhlasoví redaktoři</subfield>
  </datafield>
  <datafield tag="375" ind1=" " ind2=" ">
    <subfield code="a">muž</subfield>
  </datafield>
  <datafield tag="377" ind1=" " ind2=" ">
    <subfield code="a">cze</subfield>
  </datafield>
  <datafield tag="670" ind1=" " ind2=" ">
    <subfield code="a">hul: Martin Hrabák [nekrolog]. In: Divadelní noviny. Roč. 14, 2005, č. 19, 15. 11., s. 14</subfield>
    <subfield code="b">datum narození a úmrtí, biografické údaje, charakteristika činnosti</subfield>
  </datafield>
  <datafield tag="678" ind1="0" ind2=" ">
    <subfield code="a">Narozen 22.8. 1953 v Praze, zemřel 7.10. 2005 tamtéž. Dramaturg, divadelní kritik, publicista, pedagog. Po roce 1990 vedl kulturní redakci Rádia Alba a přispíval do pořadů Českého rozhlasu.</subfield>
  </datafield>
  <datafield tag="906" ind1=" " ind2=" ">
    <subfield code="a">za20201105</subfield>
    <subfield code="b">uclph</subfield>
  </datafield>
</record>