

<record>
  <leader>     nz  a22     n  4500</leader>
  <controlfield tag="001">ko20201091738</controlfield>
  <controlfield tag="003">CZ PrNK</controlfield>
  <controlfield tag="005">20201106072545.0</controlfield>
  <controlfield tag="008">201105|n|aznnnaabn           n a|a      </controlfield>
  <datafield tag="040" ind1=" " ind2=" ">
    <subfield code="a">ABA001</subfield>
    <subfield code="b">cze</subfield>
    <subfield code="d">ABA001</subfield>
    <subfield code="e">rda</subfield>
  </datafield>
  <datafield tag="111" ind1="2" ind2=" ">
    <subfield code="a">Dialog der Künste: Neuinterpretation von Architektur und die Beschreibung in der Literatur der Frühen Neuzeit bis zur Gegenwart (sympozium)</subfield>
    <subfield code="d">(2016 :</subfield>
    <subfield code="c">Curych, Švýcarsko)</subfield>
    <subfield code="7">ko20201091738</subfield>
  </datafield>
  <datafield tag="368" ind1=" " ind2=" ">
    <subfield code="a">sympozia</subfield>
    <subfield code="a">konference</subfield>
  </datafield>
  <datafield tag="370" ind1=" " ind2=" ">
    <subfield code="c">Švýcarsko</subfield>
    <subfield code="e">Curych, Švýcarsko</subfield>
  </datafield>
  <datafield tag="372" ind1=" " ind2=" ">
    <subfield code="a">architektura</subfield>
    <subfield code="a">architektura a společnost</subfield>
    <subfield code="a">literatura</subfield>
  </datafield>
  <datafield tag="377" ind1=" " ind2=" ">
    <subfield code="a">ger</subfield>
    <subfield code="a">eng</subfield>
    <subfield code="a">fre</subfield>
  </datafield>
  <datafield tag="411" ind1="2" ind2=" ">
    <subfield code="a">Dialogue of the Arts: Reinterpreting Architectural Structure and its Description in Literature of Early Modern Times to the Present (sympozium)</subfield>
    <subfield code="d">(2016 :</subfield>
    <subfield code="c">Curych, Švýcarsko)</subfield>
    <subfield code="2">czeeng</subfield>
    <subfield code="0">o</subfield>
  </datafield>
  <datafield tag="411" ind1="2" ind2=" ">
    <subfield code="a">Internationales Symposium "Ein Dialog der Künste"</subfield>
    <subfield code="n">(4. :</subfield>
    <subfield code="d">2016 :</subfield>
    <subfield code="c">Curych, Švýcarsko)</subfield>
    <subfield code="0">o</subfield>
  </datafield>
  <datafield tag="411" ind1="2" ind2=" ">
    <subfield code="a">Dialog der Künste (sympozium)</subfield>
    <subfield code="n">(4. :</subfield>
    <subfield code="d">2016 :</subfield>
    <subfield code="c">Curych, Švýcarsko)</subfield>
    <subfield code="0">o</subfield>
  </datafield>
  <datafield tag="670" ind1=" " ind2=" ">
    <subfield code="a">Ein Dialog der Künste : Neuinterpretation von Architektur und die Beschreibung in der Literatur von der Frühen Neuzeit bis zur Gegenwart</subfield>
    <subfield code="b">autoritní forma</subfield>
  </datafield>
  <datafield tag="670" ind1=" " ind2=" ">
    <subfield code="a">LC (Names), cit. 5.11.2020</subfield>
    <subfield code="b">odkaz viz podle: Internationales Symposium "Ein Dialog der Künste" (3rd : 2014 : Zurich, Switzerland)</subfield>
  </datafield>
  <datafield tag="670" ind1=" " ind2=" ">
    <subfield code="a">www(Universität Zürich, Kunsthistorisches Institut), cit. 5.11.2020</subfield>
    <subfield code="b">autoritní forma; odkazy viz</subfield>
  </datafield>
  <datafield tag="906" ind1=" " ind2=" ">
    <subfield code="a">za20201105</subfield>
    <subfield code="b">klou</subfield>
  </datafield>
  <datafield tag="906" ind1=" " ind2=" ">
    <subfield code="a">vr20201106</subfield>
    <subfield code="b">svsv</subfield>
  </datafield>
</record>