

<record>
  <leader>     nz  a22     n  4500</leader>
  <controlfield tag="001">aun20201091750</controlfield>
  <controlfield tag="003">CZ PrNK</controlfield>
  <controlfield tag="005">20201105171643.0</controlfield>
  <controlfield tag="008">201105|n|aznnnaabn           n a|a      </controlfield>
  <datafield tag="040" ind1=" " ind2=" ">
    <subfield code="a">ABA001</subfield>
    <subfield code="b">cze</subfield>
    <subfield code="e">rda</subfield>
  </datafield>
  <datafield tag="100" ind1="1" ind2=" ">
    <subfield code="a">Šabach, Petr,</subfield>
    <subfield code="d">1951-2017.</subfield>
    <subfield code="t">Putování mořského koně.</subfield>
    <subfield code="l">Gruzínsky</subfield>
    <subfield code="7">aun20201091750</subfield>
  </datafield>
  <datafield tag="400" ind1="1" ind2=" ">
    <subfield code="a">Šabach, Petr,</subfield>
    <subfield code="d">1951-2017.</subfield>
    <subfield code="t">Zġvis cḫenis mogzauroba</subfield>
    <subfield code="0">o</subfield>
  </datafield>
  <datafield tag="670" ind1=" " ind2=" ">
    <subfield code="a">NKC, cit. 05. 11. 2020</subfield>
  </datafield>
  <datafield tag="670" ind1=" " ind2=" ">
    <subfield code="a">www(Wikipedie, otevřená encyklopedie), cit. 05. 11. 2020</subfield>
  </datafield>
  <datafield tag="670" ind1=" " ind2=" ">
    <subfield code="a">Petr Šabaḫi: Zġvis cḫenis mogzauroba ; Ramoni. Tbilisi : CCU Press, 2019</subfield>
  </datafield>
  <datafield tag="906" ind1=" " ind2=" ">
    <subfield code="a">br20201105</subfield>
    <subfield code="b">blau</subfield>
  </datafield>
  <datafield tag="906" ind1=" " ind2=" ">
    <subfield code="a">ks20201105</subfield>
    <subfield code="b">blau</subfield>
  </datafield>
</record>