

<record>
  <leader>     nz  a22     n  4500</leader>
  <controlfield tag="001">aun20201091790</controlfield>
  <controlfield tag="003">CZ PrNK</controlfield>
  <controlfield tag="005">20201106091353.0</controlfield>
  <controlfield tag="008">201106|n|aznnnaabn           n a|a      </controlfield>
  <datafield tag="040" ind1=" " ind2=" ">
    <subfield code="a">ABA001</subfield>
    <subfield code="b">cze</subfield>
    <subfield code="e">rda</subfield>
  </datafield>
  <datafield tag="100" ind1="1" ind2=" ">
    <subfield code="a">Hirsch, Sigefridus,</subfield>
    <subfield code="d">1600-1671.</subfield>
    <subfield code="t">Amussis Ferdinandea</subfield>
    <subfield code="7">aun20201091790</subfield>
  </datafield>
  <datafield tag="400" ind1="1" ind2=" ">
    <subfield code="a">Hirsch, Sigefridus,</subfield>
    <subfield code="d">1600-1671.</subfield>
    <subfield code="t">Amussis Ferdinandea, ad problemata universae matheseos, et praesertim architecturae militaris explicata</subfield>
    <subfield code="0">o</subfield>
  </datafield>
  <datafield tag="400" ind1="1" ind2=" ">
    <subfield code="a">Hirsch, Sigefridus,</subfield>
    <subfield code="d">1600-1671.</subfield>
    <subfield code="t">Mathesis Caesarea</subfield>
    <subfield code="0">o</subfield>
  </datafield>
  <datafield tag="400" ind1="1" ind2=" ">
    <subfield code="a">Hirsch, Sigefridus,</subfield>
    <subfield code="d">1600-1671.</subfield>
    <subfield code="t">Mathesis Caesarea, sive Amussis Ferdinandea</subfield>
    <subfield code="0">o</subfield>
  </datafield>
  <datafield tag="400" ind1="1" ind2=" ">
    <subfield code="a">Hirsch, Sigefridus,</subfield>
    <subfield code="d">1600-1671.</subfield>
    <subfield code="t">Amussis Ferdinandea sive Problema architecturae militaris</subfield>
    <subfield code="0">o</subfield>
  </datafield>
  <datafield tag="400" ind1="1" ind2=" ">
    <subfield code="a">Hirsch, Sigefridus,</subfield>
    <subfield code="d">1600-1671.</subfield>
    <subfield code="t">Problema architecturae militaris</subfield>
    <subfield code="0">o</subfield>
  </datafield>
  <datafield tag="670" ind1=" " ind2=" ">
    <subfield code="a">DNB</subfield>
  </datafield>
  <datafield tag="670" ind1=" " ind2=" ">
    <subfield code="a">www(Wikipedia, die freie Enzyklopädie - Albert Curtz)</subfield>
  </datafield>
  <datafield tag="856" ind1="4" ind2="2">
    <subfield code="u">http://digital.slub-dresden.de/ppn278143415</subfield>
    <subfield code="4">N</subfield>
  </datafield>
  <datafield tag="856" ind1="4" ind2="2">
    <subfield code="u">http://wiki.uibk.ac.at/noscemus/Amussis_Ferdinandea</subfield>
    <subfield code="4">N</subfield>
  </datafield>
  <datafield tag="906" ind1=" " ind2=" ">
    <subfield code="a">br20201106</subfield>
    <subfield code="b">hape</subfield>
  </datafield>
  <datafield tag="906" ind1=" " ind2=" ">
    <subfield code="a">ks20201106</subfield>
    <subfield code="b">hape</subfield>
  </datafield>
</record>