

<record>
  <leader>     nz  a22     n  4500</leader>
  <controlfield tag="001">kon20201091813</controlfield>
  <controlfield tag="003">CZ PrNK</controlfield>
  <controlfield tag="005">20201106105959.0</controlfield>
  <controlfield tag="008">201106|n|aznnnaabn           n a|a      </controlfield>
  <datafield tag="040" ind1=" " ind2=" ">
    <subfield code="a">ABA001</subfield>
    <subfield code="b">cze</subfield>
    <subfield code="e">rda</subfield>
  </datafield>
  <datafield tag="110" ind1="2" ind2=" ">
    <subfield code="a">Deutscher Caritasverband.</subfield>
    <subfield code="t">Výroční zpráva (Deutscher Caritasverband).</subfield>
    <subfield code="l">Německy</subfield>
    <subfield code="7">kon20201091813</subfield>
  </datafield>
  <datafield tag="410" ind1="2" ind2=" ">
    <subfield code="a">Deutscher Caritasverband.</subfield>
    <subfield code="t">Tätigkeitsbericht des Deutschen Caritasverbandes der Erzdiözese Prag</subfield>
    <subfield code="0">o</subfield>
  </datafield>
  <datafield tag="670" ind1=" " ind2=" ">
    <subfield code="a">Tätigkeitsbericht des Deutschen Caritasverbandes der Erzdiözese Prag. Prag : Verlag des Deutschen Caritasverbandes, [1935]</subfield>
  </datafield>
  <datafield tag="906" ind1=" " ind2=" ">
    <subfield code="a">br20201106</subfield>
    <subfield code="b">juri</subfield>
  </datafield>
  <datafield tag="906" ind1=" " ind2=" ">
    <subfield code="a">ks20201106</subfield>
    <subfield code="b">juri</subfield>
  </datafield>
</record>