

<record>
  <leader>     nz  a22     n  4500</leader>
  <controlfield tag="001">kon20201091816</controlfield>
  <controlfield tag="003">CZ PrNK</controlfield>
  <controlfield tag="005">20201106110940.0</controlfield>
  <controlfield tag="008">201106|n|aznnnaabn           n a|a      </controlfield>
  <datafield tag="040" ind1=" " ind2=" ">
    <subfield code="a">ABA001</subfield>
    <subfield code="b">cze</subfield>
    <subfield code="e">rda</subfield>
  </datafield>
  <datafield tag="110" ind1="2" ind2=" ">
    <subfield code="a">Deutscher Reichscaritasverband (Praha, Česko).</subfield>
    <subfield code="t">Výroční zpráva (Deutscher Reichscaritasverband (Praha, Česko)).</subfield>
    <subfield code="l">Německy</subfield>
    <subfield code="7">kon20201091816</subfield>
  </datafield>
  <datafield tag="410" ind1="2" ind2=" ">
    <subfield code="a">Deutscher Reichscaritasverband (Praha, Česko).</subfield>
    <subfield code="t">Jahresbericht des Deutschen Reichscaritasverbandes</subfield>
    <subfield code="0">o</subfield>
  </datafield>
  <datafield tag="670" ind1=" " ind2=" ">
    <subfield code="a">Jahresbericht des Deutschen Reichscaritasverbandes. Prag : Deutscher Reichscaritasverband, [1935]</subfield>
  </datafield>
  <datafield tag="906" ind1=" " ind2=" ">
    <subfield code="a">br20201106</subfield>
    <subfield code="b">juri</subfield>
  </datafield>
  <datafield tag="906" ind1=" " ind2=" ">
    <subfield code="a">ks20201106</subfield>
    <subfield code="b">juri</subfield>
  </datafield>
</record>