

<record>
  <leader>     nz  a22     n  4500</leader>
  <controlfield tag="001">kon20201091819</controlfield>
  <controlfield tag="003">CZ PrNK</controlfield>
  <controlfield tag="005">20201106112458.0</controlfield>
  <controlfield tag="008">201106|n|aznnnaabn           n a|a      </controlfield>
  <datafield tag="040" ind1=" " ind2=" ">
    <subfield code="a">ABA001</subfield>
    <subfield code="b">cze</subfield>
    <subfield code="e">rda</subfield>
  </datafield>
  <datafield tag="110" ind1="2" ind2=" ">
    <subfield code="a">Verband deutscher Gewerkschaften.</subfield>
    <subfield code="t">Výroční zpráva (Verband deutscher Gewerkschaften).</subfield>
    <subfield code="l">Německy</subfield>
    <subfield code="7">kon20201091819</subfield>
  </datafield>
  <datafield tag="410" ind1="2" ind2=" ">
    <subfield code="a">Verband deutscher Gewerkschaften.</subfield>
    <subfield code="t">Verband deutscher Gewerkschaften - Tätigkeitsbericht</subfield>
    <subfield code="0">o</subfield>
  </datafield>
  <datafield tag="670" ind1=" " ind2=" ">
    <subfield code="a">Tätigkeitsbericht ... / Verband deutscher Gewerkschaften. Aussig : im Selbstverlage, [1931-1932?]</subfield>
  </datafield>
  <datafield tag="906" ind1=" " ind2=" ">
    <subfield code="a">br20201106</subfield>
    <subfield code="b">juri</subfield>
  </datafield>
  <datafield tag="906" ind1=" " ind2=" ">
    <subfield code="a">ks20201106</subfield>
    <subfield code="b">juri</subfield>
  </datafield>
</record>