

<record>
  <leader>     nz  a22     n  4500</leader>
  <controlfield tag="001">kon20201091824</controlfield>
  <controlfield tag="003">CZ PrNK</controlfield>
  <controlfield tag="005">20201106113845.0</controlfield>
  <controlfield tag="008">201106|n|aznnnaabn           n a|a      </controlfield>
  <datafield tag="040" ind1=" " ind2=" ">
    <subfield code="a">ABA001</subfield>
    <subfield code="b">cze</subfield>
    <subfield code="e">rda</subfield>
  </datafield>
  <datafield tag="110" ind1="2" ind2=" ">
    <subfield code="a">Hospodářská pomoc (organizace).</subfield>
    <subfield code="t">Výroční zpráva (Hospodářská pomoc (organizace))</subfield>
    <subfield code="7">kon20201091824</subfield>
  </datafield>
  <datafield tag="410" ind1="2" ind2=" ">
    <subfield code="a">Hospodářská pomoc (organizace).</subfield>
    <subfield code="t">Výroční zpráva Hospodářské pomoci a poradny pro lidi zoufalé v Praze</subfield>
    <subfield code="0">o</subfield>
  </datafield>
  <datafield tag="670" ind1=" " ind2=" ">
    <subfield code="a">... výroční zpráva Hospodářské pomoci a poradny pro lidi zoufalé v Praze. V Praze : Hospodářská pomoc, [1931-1937]</subfield>
  </datafield>
  <datafield tag="906" ind1=" " ind2=" ">
    <subfield code="a">br20201106</subfield>
    <subfield code="b">juri</subfield>
  </datafield>
  <datafield tag="906" ind1=" " ind2=" ">
    <subfield code="a">ks20201106</subfield>
    <subfield code="b">juri</subfield>
  </datafield>
</record>