

<record>
  <leader>     cz  a22     n  4500</leader>
  <controlfield tag="001">ko20201091826</controlfield>
  <controlfield tag="003">CZ PrNK</controlfield>
  <controlfield tag="005">20201106115816.0</controlfield>
  <controlfield tag="008">201106|n|aznnnaabn           n a|a      </controlfield>
  <datafield tag="040" ind1=" " ind2=" ">
    <subfield code="a">ABA001</subfield>
    <subfield code="b">cze</subfield>
    <subfield code="e">rda</subfield>
  </datafield>
  <datafield tag="110" ind1="2" ind2=" ">
    <subfield code="a">Jednota pro založení a vydržování výzkumného ústavu pro průmysl pivovarský v Praze</subfield>
    <subfield code="7">ko20201091826</subfield>
  </datafield>
  <datafield tag="368" ind1=" " ind2=" ">
    <subfield code="a">výzkumné ústavy</subfield>
  </datafield>
  <datafield tag="370" ind1=" " ind2=" ">
    <subfield code="c">Česko</subfield>
    <subfield code="e">Praha, Česko</subfield>
    <subfield code="f">Rakousko-Uhersko</subfield>
  </datafield>
  <datafield tag="372" ind1=" " ind2=" ">
    <subfield code="a">pivovarnictví</subfield>
    <subfield code="a">vědecký výzkum</subfield>
  </datafield>
  <datafield tag="377" ind1=" " ind2=" ">
    <subfield code="a">cze</subfield>
  </datafield>
  <datafield tag="510" ind1="2" ind2=" ">
    <subfield code="w">b</subfield>
    <subfield code="a">Vědecké ústavy pivovarské v Praze (firma)</subfield>
    <subfield code="7">ko20201090428</subfield>
  </datafield>
  <datafield tag="665" ind1=" " ind2=" ">
    <subfield code="a">Tento název se používal v letech 1886-1914. Novější název: Vědecké ústavy pivovarské v Praze (1914- 1950).</subfield>
  </datafield>
  <datafield tag="670" ind1=" " ind2=" ">
    <subfield code="a">www(Výzkumný ústav pivovarský a sladařský - Historie), cit. 6. 11. 2020</subfield>
    <subfield code="b">odkaz viz též; faktografické údaje</subfield>
    <subfield code="u">https://beerresearch.cz/vse-o-nas/historie-ustavu</subfield>
  </datafield>
  <datafield tag="670" ind1=" " ind2=" ">
    <subfield code="a">www(Wikipedie, otevřená encyklopedie - Výzkumný ústav pivovarský a sladařský), cit. 6. 11. 2020</subfield>
    <subfield code="b">odkaz viz též; faktografické údaje</subfield>
    <subfield code="u">https://cs.wikipedia.org/wiki/V%C3%BDzkumn%C3%BD_%C3%BAstav_pivovarsk%C3%BD_a_slada%C5%99sk%C3%BD</subfield>
  </datafield>
  <datafield tag="906" ind1=" " ind2=" ">
    <subfield code="a">br20201106</subfield>
    <subfield code="b">svsv</subfield>
  </datafield>
  <datafield tag="906" ind1=" " ind2=" ">
    <subfield code="a">op20201106</subfield>
    <subfield code="b">svsv</subfield>
    <subfield code="c">Viz též - oprava</subfield>
  </datafield>
</record>