

<record>
  <leader>     nz  a22     n  4500</leader>
  <controlfield tag="001">kon20201091829</controlfield>
  <controlfield tag="003">CZ PrNK</controlfield>
  <controlfield tag="005">20201106114853.0</controlfield>
  <controlfield tag="008">201106|n|aznnnaabn           n a|a      </controlfield>
  <datafield tag="040" ind1=" " ind2=" ">
    <subfield code="a">ABA001</subfield>
    <subfield code="b">cze</subfield>
    <subfield code="e">rda</subfield>
  </datafield>
  <datafield tag="110" ind1="2" ind2=" ">
    <subfield code="a">Česká Vídeň (spolek).</subfield>
    <subfield code="t">Výroční zpráva (Česká Vídeň (spolek))</subfield>
    <subfield code="7">kon20201091829</subfield>
  </datafield>
  <datafield tag="410" ind1="2" ind2=" ">
    <subfield code="a">Česká Vídeň (spolek).</subfield>
    <subfield code="t">Spolek Česká Vídeň - výroční zpráva</subfield>
    <subfield code="0">o</subfield>
  </datafield>
  <datafield tag="410" ind1="2" ind2=" ">
    <subfield code="a">Česká Vídeň (spolek).</subfield>
    <subfield code="t">Česká Vídeň - výroční zpráva</subfield>
    <subfield code="0">o</subfield>
  </datafield>
  <datafield tag="670" ind1=" " ind2=" ">
    <subfield code="a">Výroční zpráva za rok ... / spolek "Česká Vídeň". V Praze : spolek "Česká Vídeň", [1924-1939?]</subfield>
  </datafield>
  <datafield tag="906" ind1=" " ind2=" ">
    <subfield code="a">br20201106</subfield>
    <subfield code="b">juri</subfield>
  </datafield>
  <datafield tag="906" ind1=" " ind2=" ">
    <subfield code="a">ks20201106</subfield>
    <subfield code="b">juri</subfield>
  </datafield>
</record>