

<record>
  <leader>     nz  a22     n  4500</leader>
  <controlfield tag="001">kon20201091841</controlfield>
  <controlfield tag="003">CZ PrNK</controlfield>
  <controlfield tag="005">20201106131434.0</controlfield>
  <controlfield tag="008">201106|n|aznnnaabn           n a|a      </controlfield>
  <datafield tag="040" ind1=" " ind2=" ">
    <subfield code="a">ABA001</subfield>
    <subfield code="b">cze</subfield>
    <subfield code="e">rda</subfield>
  </datafield>
  <datafield tag="110" ind1="2" ind2=" ">
    <subfield code="a">Pivovar Starobrno.</subfield>
    <subfield code="t">Výroční zpráva (Pivovar Starobrno).</subfield>
    <subfield code="l">Německy</subfield>
    <subfield code="7">kon20201091841</subfield>
  </datafield>
  <datafield tag="410" ind1="2" ind2=" ">
    <subfield code="a">Pivovar Starobrno.</subfield>
    <subfield code="t">Rechnungs-Abschluß der Ersten Brünner Aktien-Brauerei und Malzfabrik</subfield>
    <subfield code="0">o</subfield>
  </datafield>
  <datafield tag="670" ind1=" " ind2=" ">
    <subfield code="a">Rechnungs-Abschluß der Ersten Brünner Aktien-Brauerei und Malzfabrik. Brünn : Verlag der Ersten Brünner Aktien-Brauerei und Malzfabrik in Brünn, [1888?-1928?]</subfield>
  </datafield>
  <datafield tag="906" ind1=" " ind2=" ">
    <subfield code="a">br20201106</subfield>
    <subfield code="b">juri</subfield>
  </datafield>
  <datafield tag="906" ind1=" " ind2=" ">
    <subfield code="a">ks20201106</subfield>
    <subfield code="b">juri</subfield>
  </datafield>
</record>