

<record>
  <leader>     nz  a22     n  4500</leader>
  <datafield tag="900" ind1=" " ind2=" ">
    <subfield code="a">N-NÁVRH-VP</subfield>
  </datafield>
  <controlfield tag="001">aun20201091859</controlfield>
  <controlfield tag="003">CZ PrNK</controlfield>
  <controlfield tag="005">20201106142024.0</controlfield>
  <controlfield tag="008">201106|n|acnnnaabn           n a|a      </controlfield>
  <datafield tag="040" ind1=" " ind2=" ">
    <subfield code="a">ABA001</subfield>
    <subfield code="b">cze</subfield>
  </datafield>
  <datafield tag="100" ind1="1" ind2=" ">
    <subfield code="a">Eimeric, Nicolau,</subfield>
    <subfield code="d">1320-1399.</subfield>
    <subfield code="t">Directorium inquisitorum</subfield>
    <subfield code="7">aun20201091859</subfield>
  </datafield>
  <datafield tag="400" ind1="1" ind2=" ">
    <subfield code="a">Eimeric, Nicolau,</subfield>
    <subfield code="d">1320-1399.</subfield>
    <subfield code="t">Directorium inquisitorum f. Nicolai Eymerici Ordinis Praed.</subfield>
    <subfield code="0">o</subfield>
  </datafield>
  <datafield tag="400" ind1="1" ind2=" ">
    <subfield code="a">Eimeric, Nicolau,</subfield>
    <subfield code="d">1320-1399.</subfield>
    <subfield code="t">Directorium Inquisitorum R. P. F. Nicolai Eymerici Ord. Præd. S. Theol. Mag. Inquisitoris Hæreticæ Praultatis in Regnis Regis Aragonum</subfield>
    <subfield code="0">o</subfield>
  </datafield>
  <datafield tag="670" ind1=" " ind2=" ">
    <subfield code="a">Hill, Derek. Inquisition in the fourteenth century: the manuals of Bernard Gui and Nicholas Eymerich. First published. Woodbridge, Suffolk, UK: York Medieval Press, 2019. x, 251 stran. Heresy and inquisition in the Middle Ages, volume 7. ISBN 978-1-903153-87-1.</subfield>
  </datafield>
  <datafield tag="670" ind1=" " ind2=" ">
    <subfield code="a">LC (Names), cit. 6.11.2020</subfield>
  </datafield>
  <datafield tag="670" ind1=" " ind2=" ">
    <subfield code="a">www(Wikipedia, the free encyclopedia), cit. 6.11.2020</subfield>
  </datafield>
  <datafield tag="678" ind1=" " ind2=" ">
    <subfield code="a">Původně latinský spis, později příručka inkvizitora sloužící především španělské inkvizici.</subfield>
  </datafield>
  <datafield tag="856" ind1="4" ind2="2">
    <subfield code="u">https://en.wikipedia.org/wiki/Directorium_Inquisitorum</subfield>
    <subfield code="4">N</subfield>
  </datafield>
  <datafield tag="906" ind1=" " ind2=" ">
    <subfield code="a">za20201106</subfield>
    <subfield code="b">stkv</subfield>
  </datafield>
</record>