

<record>
  <leader>     nz  a22     n  4500</leader>
  <controlfield tag="001">kon20201091872</controlfield>
  <controlfield tag="003">CZ PrNK</controlfield>
  <controlfield tag="005">20201106154613.0</controlfield>
  <controlfield tag="008">201106|n|aznnnaabn           n a|a      </controlfield>
  <datafield tag="040" ind1=" " ind2=" ">
    <subfield code="a">ABA001</subfield>
    <subfield code="b">cze</subfield>
    <subfield code="e">rda</subfield>
  </datafield>
  <datafield tag="110" ind1="2" ind2=" ">
    <subfield code="a">Kosmos (firma).</subfield>
    <subfield code="t">Výroční zpráva (Kosmos (firma)).</subfield>
    <subfield code="l">Německy</subfield>
    <subfield code="7">kon20201091872</subfield>
  </datafield>
  <datafield tag="410" ind1="2" ind2=" ">
    <subfield code="a">Kosmos (firma).</subfield>
    <subfield code="t">Geschäftsbericht der "Kosmos" - Ofen- und Eisenwerke-Aktiengesellschaft, Olmütz</subfield>
    <subfield code="0">o</subfield>
  </datafield>
  <datafield tag="670" ind1=" " ind2=" ">
    <subfield code="a">In: Výroční zpráva firmy "Kosmos" - výroba kamen a železárny, akciová společnost v Olomouci. V Olomouci : vlastním nákladem, [1925-1947?]</subfield>
  </datafield>
  <datafield tag="906" ind1=" " ind2=" ">
    <subfield code="a">br20201106</subfield>
    <subfield code="b">juri</subfield>
  </datafield>
  <datafield tag="906" ind1=" " ind2=" ">
    <subfield code="a">ks20201106</subfield>
    <subfield code="b">juri</subfield>
  </datafield>
</record>