

<record>
  <leader>     nz  a22     n  4500</leader>
  <controlfield tag="001">kon20201091874</controlfield>
  <controlfield tag="003">CZ PrNK</controlfield>
  <controlfield tag="005">20201106162930.0</controlfield>
  <controlfield tag="008">201106|n|aznnnaabn           n a|a      </controlfield>
  <datafield tag="040" ind1=" " ind2=" ">
    <subfield code="a">ABA001</subfield>
    <subfield code="b">cze</subfield>
    <subfield code="e">rda</subfield>
  </datafield>
  <datafield tag="110" ind1="2" ind2=" ">
    <subfield code="a">Česká okresní péče o mládež v Mimoni (organizace).</subfield>
    <subfield code="b">Odbor Československé ochrany matek a dětí.</subfield>
    <subfield code="t">Výroční zpráva (Česká okresní péče o mládež v Mimoni (organizace). Odbor Československé ochrany matek a dětí)</subfield>
    <subfield code="7">kon20201091874</subfield>
  </datafield>
  <datafield tag="410" ind1="2" ind2=" ">
    <subfield code="a">Česká okresní péče o mládež v Mimoni (organizace).</subfield>
    <subfield code="b">Odbor Československé ochrany matek a dětí.</subfield>
    <subfield code="t">Výroční zpráva o činnosti České okresní péče o mládež v Mimoni, jejího odboru Českosl. ochrany matek a dětí a poručníka z povolání</subfield>
    <subfield code="0">o</subfield>
  </datafield>
  <datafield tag="670" ind1=" " ind2=" ">
    <subfield code="a">Výroční zpráva o činnosti České okresní péče o mládež v Mimoni, jejího odboru Českosl. ochrany matek a dětí a poručníka z povolání. V Mimoni : nákladem České okresní péče o mládež, [1923?-1934?]</subfield>
  </datafield>
  <datafield tag="906" ind1=" " ind2=" ">
    <subfield code="a">br20201106</subfield>
    <subfield code="b">juri</subfield>
  </datafield>
  <datafield tag="906" ind1=" " ind2=" ">
    <subfield code="a">ks20201106</subfield>
    <subfield code="b">juri</subfield>
  </datafield>
</record>