

<record>
  <leader>     nz  a22     n  4500</leader>
  <controlfield tag="001">aun20201091889</controlfield>
  <controlfield tag="003">CZ PrNK</controlfield>
  <controlfield tag="005">20201107080403.0</controlfield>
  <controlfield tag="008">201107|n|aznnnaabn           n a|a      </controlfield>
  <datafield tag="040" ind1=" " ind2=" ">
    <subfield code="a">ABA001</subfield>
    <subfield code="b">cze</subfield>
    <subfield code="e">rda</subfield>
  </datafield>
  <datafield tag="100" ind1="1" ind2=" ">
    <subfield code="a">Brjusov, Valerij Jakovlevič,</subfield>
    <subfield code="d">1873-1924.</subfield>
    <subfield code="t">Ognennyj angel.</subfield>
    <subfield code="l">Česky</subfield>
    <subfield code="7">aun20201091889</subfield>
  </datafield>
  <datafield tag="400" ind1="1" ind2=" ">
    <subfield code="a">Brjusov, Valerij Jakovlevič,</subfield>
    <subfield code="d">1873-1924.</subfield>
    <subfield code="t">Ohnivý anděl</subfield>
    <subfield code="0">o</subfield>
  </datafield>
  <datafield tag="670" ind1=" " ind2=" ">
    <subfield code="a">RSL, cit. 07. 11. 2020</subfield>
  </datafield>
  <datafield tag="670" ind1=" " ind2=" ">
    <subfield code="a">www(Wikipedie, otevřená encyklopedie), cit. 07. 11. 2020</subfield>
  </datafield>
  <datafield tag="670" ind1=" " ind2=" ">
    <subfield code="a">Valerij Brjusov: Ohnivý anděl. Praha : Argo, 2020</subfield>
  </datafield>
  <datafield tag="906" ind1=" " ind2=" ">
    <subfield code="a">br20201109</subfield>
    <subfield code="b">blau</subfield>
  </datafield>
  <datafield tag="906" ind1=" " ind2=" ">
    <subfield code="a">ks20201109</subfield>
    <subfield code="b">blau</subfield>
  </datafield>
</record>
</collection>
